4759 6600
456 772 512 823 tib
770 746 926 809 LXXIII.
955 739 1297 803 ΔΗΜΟΣΘΕΝΟΥΣ
1323 738 1571 801 ΕΓΚΩΜΙΟΝ.
1599 749 1636 801 85
1654 751 1763 803 -ss
1887 744 2057 821 (lll,sn,snl

496 910 544 961 ui.
566 894 638 976 Πρὸς
658 888 837 973 Παρμενίωνα
853 885 900 965 μέν
917 890 1013 945 ταῦτα.
1055 882 1197 949 Τοιούτους
1214 879 1243 939 δέ
1320 892 1359 938 ³5.
1377 890 1435 937 lime
1449 887 1479 936 ml
1494 888 1686 938 Parmenionem.
1718 890 1871 940 Talesvero
1884 892 1958 941 etism
1972 894 2065 957 spat.

455 1010 527 1053 wa<
540 982 586 1043 καὶ
608 980 673 1061 πρὸς
687 975 735 1056 ἐμὲ
755 975 845 1055 λόγους
860 972 1015 1045 ἐποιήσατο·
1030 976 1082 1031 τῶν
1101 969 1136 1049 γά
1175 967 1242 1046 μετθ
1286 988 1411 1025 sermones
1430 975 1523 1024 habuit.
1540 976 1617 1025 Alisso
1635 976 1703 1025 euim
1715 978 1828 1027 Athonis
1839 980 2066 1043 Diopithenn',

456 1071 607 1137 Διοπείθους
618 1069 754 1137 Ἀθήνηθεν
765 1059 983 1139 ἀπεσταλμένων,
997 1057 1049 1138 ἐγὼ
1059 1058 1106 1136 μὲν
1120 993 1189 1137 τύχον
1200 1055 1243 1114 διά
1286 1062 1470 1113 sollicitudinem
1481 1076 1510 1113 οε
1520 1064 1580 1112 mihi
1592 1077 1630 1113 res
1644 1063 1773 1114 sumebat
1784 1079 1792 1113 :
1805 1066 1848 1115 ille
1861 1081 1920 1117 suro
1931 1069 1955 1118 ῖι
1963 1069 2030 1119 risu
2040 1084 2067 1120 ιε

458 1160 607 1246 φροντίδος,
621 1163 635 1215 ὁ
649 1155 671 1213 δ’
692 1144 721 1212 εύ
736 1152 810 1231 μάλα
828 1148 943 1229 γελάσας
958 1148 1021 1230 ἔφη,
1037 1145 1076 1207 Σύ
1097 1146 1118 1204 δ’
1136 1142 1242 1203 ἀστικόν
1286 1150 1351 1201 lutus
1362 1151 1470 1212 (licebat,
1481 1170 1494 1193 «
1506 1154 1568 1201 ‘run‘
1577 1151 1665 1201 (lucem
1679 1165 1711 1201 ex
1725 1151 1960 1206 urbesutmilitem
1970 1158 2068 1208 auls»

457 1245 604 1332 στρατηγόν
618 1243 636 1315 ἢ
651 1237 815 1323 στρατιώτην
828 1237 944 1303 δέδοικας
957 1241 1035 1313 ipim
1050 1237 1085 1295 At
1100 1233 1148 1311 μέν
1165 1229 1243 1312 τριή-
1287 1238 1351 1290 tuis?
1363 1239 1481 1289 Tritemss
1491 1244 1517 1289 ot
1528 1239 1648 1301 Piraeus,
1660 1244 1687 1290 et
1701 1240 1824 1303 mvtlia,
1836 1256 1911 1305 unge
1924 1245 2013 1295 mohin
2025 1247 2066 1296 ff

459 1361 510 1419 ρεις
526 1335 602 1395 καίθ
623 1327 763 1411 Πειραιεύς
778 1326 824 1386 καί
841 1323 875 1384 τδι
888 1322 984 1405 νεώρια
997 1327 1077 1403 λῆρος
1095 1321 1183 1399 ἔμοιγε
1198 1317 1244 1378 καί
1287 1326 1338 1376 θεῖε
1349 1342 1356 1375 :
1367 1326 1499 1390 quidemm
1517 1328 1626 1377 hominen
1643 1327 1739 1379 iusim
1757 1329 2067 1394 buodnuulisoeffln,

457 1426 604 1509 φλήναφος·
626 1419 652 1479 τί
674 1418 697 1477 δ’
719 1416 751 1475 ἀν
772 1415 902 1495 ἀνθρωττοι
926 1411 1052 1494 πράξαιεν
1068 1407 1243 1478 διονυσιάζον-
1288 1415 1313 1463 in
1326 1415 1526 1465 viscerationibus
1536 1417 1611 1466 ritum
1622 1421 1734 1468 terentes
1744 1425 1773 1467 et
1783 1418 1887 1469 ultoris?
1898 1428 1925 1469 ut
1939 1422 1961 1471 si
1977 1426 2066 1473 rusus

456 1538 515 1587 τις,
533 1517 559 1573 ἐν
577 1504 745 1591 κρεανομίαις
763 1506 926 1571 καταζῶντες
941 1499 987 1559 καὶ
1007 1499 1108 1580 χοροῖς;
1122 1500 1145 1556 εἰ
1164 1494 1191 1555 δέ
1206 1493 1243 1574 μὴ
1287 1502 1538 1554 mostbeuesAthenis
1553 1517 1602 1553 non
1621 1507 1704 1566 esset,
1724 1506 1828 1557 lucilius
1850 1507 1940 1557 urbem
1955 1508 2067 1560 lubun

459 1598 629 1679 Δημοσθένης
640 1586 676 1661 εἷς
687 1596 713 1652 ἐν
728 1588 871 1662 Ἀθηναίοις
883 1587 999 1667 ἐγένετο,
1016 1591 1077 1669 ῥᾷον
1092 1586 1123 1645 ἀν
1138 1584 1244 1666 εἴχομεν
1287 1605 1360 1654 quem
1366 1592 1975 1659 Thebmoset‘rnossuoslrsuoe‚vi‚ooeopmoo,
1981 1597 2065 1648 nuh:

457 1686 504 1761 τὴν
516 1687 592 1747 πόλιν
606 1684 624 1755 ἢ
638 1666 773 1753 Θηόάίους
786 1678 833 1737 καί
846 1674 996 1742 Θετταλούς
1011 1677 1174 1745 ἀπατῶντες,
1190 1676 1246 1752 βια·
1288 1693 1353 1729 οιιοο
1364 1693 1422 1729 vero
1433 1693 1496 1729 unos
1507 1680 1547 1731 ille
1559 1680 1657 1742 vigilat,
1669 1683 1834 1746 temporibus
1843 1685 1961 1735 omuibus
1973 1686 2067 1747 ira,

457 1776 575 1856 ζόμενοι,
602 1769 756 1853 φθάνοντες,
783 1764 937 1844 ὠνούμενοι·
965 1770 1010 1822 νῦν
1034 1762 1062 1821 δὲ
1089 1754 1125 1830 εἷς
1149 1765 1246 1826 ἐκεῖνος
1288 1772 1312 1817 el
1324 1771 1417 1817 nostrus
1429 1768 1534 1829 impetus
1548 1768 1721 1832 subsequitur,
1740 1770 1778 1819 ud
1795 1775 1886 1821 nostru
1903 1786 1930 1822 se
1947 1773 2067 1837 imni

457 1861 582 1945 ἐγρήγορε
596 1858 643 1918 καί
657 1867 723 1916 πᾶσι
737 1863 790 1921 τοῖς
803 1857 902 1934 καιροῖς
915 1851 1040 1933 ἐφέστηκε
1052 1850 1098 1910 καί
1111 1854 1169 1916 ταῖς
1182 1854 1246 1926 ἡμε-
1287 1858 1388 1908 oonsilio
1400 1859 1467 1908 relnt
1484 1859 1509 1908 in
1527 1860 1579 1909 soie
1596 1862 1710 1924 opponit.
1747 1862 1826 1913 illum
1844 1878 1897 1914 uon
1909 1865 2066 1928 ίοριμ

457 1951 545 2035 τίραις
557 1954 650 2029 ὁρμαῖς
664 1945 836 2005 ἐπακολουθεῖ
846 1941 891 2001 καὶ
902 1945 955 2007 τοῖς
970 1939 1188 2021 στρατηγήμασιν
1203 1942 1246 1997 ἀν·
1288 1947 1454 1996 ιιιοοίιίοιιιιιιιι
1464 1947 1568 2009 aliquid,
1579 1962 1657 2011 quum
1669 1963 1808 2013 conamur,
1821 1967 1903 2016 mmm
1915 1953 2065 2003 θείῦιηιι

458 2035 691 2119 τιπαρατάττεται.
714 2030 884 2107 Λανθάνομεν
898 2028 925 2087 δὲ
936 2028 1014 2087 αύτθν
1024 2031 1052 2086 οὐ
1064 2026 1245 2107 τεχνάζοντες,
1288 2035 1418 2084 unorerbo
1426 2071 1433 2095 ,
1441 2034 1480 2085 ille
1489 2035 1558 2085 nobis
1571 2036 1644 2085 luomo
1654 2037 1873 2100 impedimentum
1881 2045 1921 2091 est
1931 2046 2066 2104 olm

457 2128 506 2187 ούκ
519 2126 724 2203 ἀπιχειροῦντες,
739 2120 768 2178 ού
785 2115 980 2197 βουλευόμενοι,
994 2114 1117 2183 καθάπαξ
1133 2113 1246 2191 κύλυμά
1288 2123 1369 2172 culum
1379 2124 1507 2186 quominus
1518 2137 1566 2173 uus
1573 2125 1656 2173 omnia
1668 2126 1843 2189 impressione
1852 2128 1992 2179 habam
2017 2130 2068 2179 ouh

457 2237 484 2273 τι
499 2213 546 2273 καί
559 2209 688 2292 πρόύολος
707 2212 771 2285 ήμῖν
787 2204 921 2286 ἄνθρωπός
941 2208 1010 2277 ἐστι,
1026 2202 1063 2282 μή
1083 2202 1160 2261 πάντ’
1174 2201 1245 2282 ἔχειν
1288 2224 1331 2273 μοι
1348 2210 1416 2260 illum
1433 2211 1454 2261 si
1472 2211 1591 2271 stetisset,
1608 2225 1660 2261 uon
1677 2214 1847 2278 Amphipolin
1867 2218 2021 2281 οερίειωιιι,
2033 2228 2067 2265 ιι

458 2300 484 2371 ἀξ
502 2301 655 2379 έπιδρομῆς.
697 2293 737 2357 Τό
750 2292 780 2373 γέ
796 2317 836 2351 τοι
852 2295 911 2351 κατ’
929 2292 1006 2351 αύτδν
1023 2294 1070 2351 οὐκ
1089 2289 1244 2368 Ἀμφίπολιν
1288 2298 1435 2361 Olynthum,
1446 2311 1495 2347 non
1511 2300 1652 2349 Phocenses
1662 2300 1822 2353 moeremus
1833 2308 1862 2353 et
1874 2303 2065 2367 Pylnmsschrr

456 2384 574 2466 είλομεν,
586 2387 633 2444 oin
645 2380 783 2454 Ὄλυνθον,
795 2383 824 2440 ού
837 2379 952 2448 Φωκέας
963 2378 1009 2439 καί
1019 2378 1111 2447 Πύλας
1121 2378 1245 2459 ἔσχομεν,
1288 2397 1374 2435 soueso
1382 2387 1408 2434 et
1416 2384 1563 2449 llellosponti
1575 2387 1675 2449 nogione
1684 2389 1763 2451 potiti
1773 2404 1901 2442 εεοαιιιια.

458 2479 488 2536 ού
503 2471 670 2556 Χερρονήσου
684 2471 795 2530 καὶτῶν
809 2468 870 2549 περὶ
884 2467 928 2526 τόν
944 2466 1138 2538 Ἑλλήσποντον
1153 2489 1246 2547 κεκρα-

458 2563 587 2641 τήκαμεν.

501 2662 549 2713 36.
572 2648 640 2710 Ἀλλ’
653 2647 774 2718 ἀνίστησι
783 2643 830 2724 μέν
840 2645 949 2712 ἄκοντας
961 2635 1013 2704 οἶον
1026 2646 1055 2704 ἐκ
1065 2642 1245 2727 μανδραγόρου
1319 2656 1358 2702 3ο.
1375 2651 1422 2701 sed
1431 2652 1470 2701 ille
1479 2652 1566 2703 inritos
1579 2654 1656 2703 elium
1668 2655 1741 2705 eires
1753 2670 1832 2720 snos,
1842 2662 1870 2708 et
1881 2659 1949 2709 velut
1958 2671 1972 2707 ε
1981 2655 2066 2707 ιι*

458 2738 631 2805 καθεύδοντας
645 2735 703 2803 τούς
717 2739 797 2794 αὑτοῦ
813 2732 937 2805 πολίτας,
949 2731 1039 2814 ὥσπερ
1052 2738 1121 2813 τομῇ
1135 2756 1186 2791 τινι
1200 2732 1246 2792 καί
1288 2751 1345 2801 gom
1353 2738 1498 2790 dormientes
1506 2741 1609 2801 excitet,
1619 2742 1739 2793 libertate
1751 2744 1935 2797 duumuirum
1944 2750 2065 2796 muel»

459 2827 552 2887 καύσει
569 2830 616 2897 τῆς
635 2823 763 2905 ῥᾳθυμίας
783 2827 817 2903 τῇ
835 2820 970 2903 παρρησίᾳ
991 2819 1138 2904 χρώμενος,
1157 2820 1245 2899 ὀλίγον
1288 2841 1346 2877 cuns
1366 2828 1460 2877 illorum
1480 2828 1629 2890 sooordism,
1647 2844 1742 2893 purum
1762 2834 1825 2897 quiid
1842 2835 1978 2898 jamnum
1992 2833 2031 2884 ὖ
2043 2832 2068 2881 r't

458 2920 504 2974 τοῦ
516 2914 580 2996 πρὸς
591 2910 686 2985 ἡδονήν
701 2908 848 2991 φροντίσας.
891 2907 1053 2980 Μετατίθησι
1068 2906 1095 2966 δὲ
1109 2912 1160 2967 τῶν
1174 2932 1245 2990 χρη-
1288 2916 1412 2967 sollicitus.
1443 2917 1647 2968 Transiertidem
1664 2922 1786 2982 peerruiae
1805 2923 1904 2973 reditus
1920 2918 2068 2973 affl}

460 3000 551 3079 μάτων
565 3000 624 3068 τοθς
638 2997 732 3079 πόρους
752 2996 805 3055 ἀπὸ
822 3000 874 3055 τῶν
891 2995 1007 3078 θεάτρων
1024 2994 1069 3054 ἐπὶ
1082 2996 1116 3053 τὰ
1131 2996 1243 3078 στρατό-
1288 3004 1592 3066 exereitus5triersrohicis
1602 3006 1701 3069 legibus
1711 3010 1851 3060 coustituit
1861 3025 1915 3061 rem
1925 3012 2067 3072 amp

461 3090 542 3162 πιθα,
561 3087 695 3158 συντίθησι
714 3083 742 3144 δέ
762 3084 792 3143 τὸ
809 3084 930 3144 ναυτικόν
948 3082 1037 3161 νόμοις
1052 3093 1246 3166 τριηραρχικοίς
1289 3093 1424 3144 turbatione
1441 3108 1521 3143 rernm
1542 3098 1637 3143 tuntum
1655 3109 1707 3145 non
1733 3098 1810 3160 plane
1828 3101 1964 3164 primum
1977 3099 2065 3160 opu

460 3177 511 3238 ύπθ
528 3182 575 3251 τῆς
589 3175 696 3244 ἀταξίας
715 3173 837 3252 μόνονού
858 3172 951 3240 τελέως
966 3171 1161 3253 διεφθαρμένον,
1175 3172 1246 3254 ίγεί-
1289 3185 1349 3232 sutis
1364 3183 1435 3244 longo
1443 3182 1493 3245 inm
1503 3187 1611 3246 tempore
1630 3183 1663 3233 ud
1674 3184 1829 3237 drachmam
1849 3194 1877 3238 et
1895 3187 2011 3239 triobuh
2022 3184 2063 3234 uiti

460 3290 499 3350 ρει
508 3266 530 3326 δ’
539 3263 694 3349 ἐρριμμένον
707 3263 757 3336 ήδη
770 3262 812 3322 διὰ
823 3261 918 3344 χρόνου
930 3260 994 3345 πρὸς
1005 3260 1053 3335 τήν
1068 3262 1190 3346 δραχμήν
1200 3263 1245 3323 καί
1289 3271 1346 3322 lutis
1355 3271 1494 3334 digriletem
1503 3271 1605 3335 exunt,
1615 3271 1693 3323 home
1703 3248 1806 3326 dudum
1817 3272 2061 3336 inclinatura-irs

458 3355 490 3416 τὸ
500 3353 642 3438 τριύόολον
654 3353 685 3413 τὸ
697 3359 744 3425 τῆς
755 3351 855 3419 πολεως
867 3348 1076 3428 ἀίίωμα,πύλαι
1086 3349 1192 3419 τούτους
1201 3375 1247 3410 κα·
1289 3373 1348 3410 suos
1362 3359 1498 3410 revocando
1510 3364 1583 3422 etque
1598 3359 1631 3409 ud
1647 3362 1844 3415 aemulationem
1855 3379 1939 3416 somn
1949 3365 2060 3425 uuehs-

460 3442 661 3520 τακεκλιμένους
679 3444 714 3509 είς
732 3439 791 3508 τούς
810 3438 953 3521 προγόνους
974 3437 1113 3518 ἐπανάγων
1133 3439 1179 3498 καί
1201 3440 1246 3500 τὸν
1290 3448 1364 3498 thone
1374 3461 1403 3498 uc
1414 3448 1534 3497 Salamine
1542 3453 1609 3510 gesto
1621 3455 1695 3510 sunt;
1713 3453 1853 3516 mutuique
1864 3454 1946 3503 euxil'u'
1956 3442 2057 3508 inim

461 3533 539 3603 ζῆλον
559 3534 612 3590 τῶν
626 3533 772 3610 Μαραθῶνι
793 3528 840 3587 καὶ
854 3529 989 3605 Σαλαμῖνι
1004 3526 1245 3607 κατειργασμένων,
1289 3536 1459 3586 οοονειιῑῖυοοι
1476 3536 1538 3586 inter
1555 3539 1656 3586 cronos
1676 3540 1825 3590 constituit.
1867 3544 1938 3592 liuns
1954 3542 2013 3590 lm
2024 3547 2056 3585 ΙΙ

461 3618 596 3691 συνίστησι
609 3619 631 3676 δ’
646 3618 689 3676 ἐπὶ
704 3616 859 3695 συμμαχίας
873 3615 918 3673 καῖ
933 3614 1064 3683 συντάξεις
1078 3614 1245 3687 Ἑλληνικάς.
1289 3628 1339 3683 est,
1351 3637 1398 3672 non
1411 3624 1532 3687 decipere,
1544 3637 1704 3686 uouemere,
1722 3641 1774 3677 non
1787 3628 1870 3691 magis
1884 3642 1953 3692 qun
1962 3622 2055 3677 Arffl!

460 3711 560 3767 Τοῦτον
574 3709 603 3765 ού
616 3708 705 3764 λαθεῖν
720 3708 798 3777 ἐστιν,
819 3707 848 3763 οὐ
863 3704 1014 3785 φενακίσαι,
1032 3704 1061 3761 ού
1075 3705 1202 3784 πρίασθαι
1216 3709 1245 3765 ού
1289 3712 1358 3762 illum
1367 3715 1493 3762 Persarum
1503 3725 1545 3762 rex
1554 3725 1635 3761 emere
1645 3714 1740 3775 potuit.

462 3797 562 3873 μᾶλλον
580 3791 656 3865 ήτθν
680 3792 840 3875 Ἀριστείδην
855 3794 950 3850 ἐκεῖνον
970 3796 983 3850 θ
998 3795 1108 3872 Περσῶν
1125 3793 1247 3871 βασιλεὺς

459 3883 578 3965 ἐπρίατο.

501 3984 549 4033 37.
571 3976 672 4033 Τοῦτον
682 3961 735 4044 ούν,
746 3960 768 4029 ὦ
780 3969 945 4049 Ἀντίπατρε,
957 3968 1010 4050 χρὴ
1021 3967 1131 4027 δεδιέναι
1144 3972 1245 4047 μᾶλλον
1321 3986 1360 4032 37.
1379 3985 1449 4031 lluno
1466 3994 1535 4042 orgo,
1552 3981 1688 4044 Antipater,
1710 3986 1793 4047 magis
1809 3992 1851 4036 est
1867 3985 1931 4050 quod
1944 3986 2050 4035 timna,

460 4062 477 4131 ἢ
492 4060 580 4128 πάσας
593 4061 705 4141 τριήρεις
720 4059 765 4118 καί
779 4057 880 4126 πάντας
895 4058 1068 4123 ἀποστολους·
1083 4056 1097 4115 θ
1111 4056 1161 4137 γάρ
1176 4056 1248 4130 Ἀθη·
1288 4082 1361 4132 quom
1370 4069 1479 4118 triremes
1489 4072 1603 4118 omnsset
1611 4069 1707 4119 classes
1720 4071 1859 4123 immissas
1878 4072 1944 4132 Qool
1953 4066 2049 4121 εὴύ

462 4148 541 4216 ναίοις
554 4152 606 4216 τοῖς
618 4149 702 4208 πάλαι
719 4150 903 4226 Θεμιστοκλῆς
915 4145 961 4205 καῖ
979 4147 1111 4226 Περικλῆς
1128 4145 1244 4223 ἐγένετο,
1288 4157 1344 4220 quis
1360 4157 1407 4206 illis
1419 4155 1605 4206 Atheniensibus
1619 4157 1806 4210 Themistocles
1824 4162 1920 4210 inruunt
1933 4165 1955 4209 st
1965 4155 2050 4208 ruffi.

462 4243 538 4296 τοῦτο
552 4246 604 4303 τοῖς
618 4244 663 4296 νῦν
682 4242 696 4295 θ
714 4235 897 4313 Δημοσθένης,
913 4234 1055 4315 ἐφάμιλλος
1070 4237 1248 4311 Θεμιστοκλεῖ
1289 4244 1400 4295 Ιιῖεοιιιιο
1412 4245 1585 4294 Demosthenes
1593 4249 1644 4304 est,
1654 4247 1798 4308 prudermae
1808 4242 2050 4310 nomineouumh

461 4324 508 4403 μὲν
520 4323 568 4397 τήν
581 4324 691 4396 σύνεσιν,
707 4327 834 4405 Περικλεῖ
845 4324 871 4383 δὲ
883 4323 913 4382 τὸ
924 4323 1054 4404 φρόνημα.
1096 4322 1247 4394 Ἐκτήσατο
1288 4345 1344 4381 oum
1361 4333 1534 4393 Themistocle,
1547 4346 1602 4381 oum
1620 4333 1714 4383 Pericle
1726 4341 1815 4385 sutem
1827 4337 1961 4386 obsum
1972 4334 2050 4393 inrepr

460 4420 523 4491 γοῦν
545 4415 632 4479 αὐτοῖς
652 4413 755 4471 ἀκούειν
781 4413 905 4484 nisum,
927 4411 1053 4492 Μέγαρα,
1072 4409 1106 4468 τδι
1120 4411 1181 4491 περὶ
1202 4410 1246 4469 τὸν
1288 4421 1358 4470 blica.
1390 4423 1450 4469 llum
1466 4419 1530 4469 dicto
1545 4419 1672 4469 audientes
1684 4421 1736 4471 illis
1752 4425 1874 4485 praestitit
1890 4420 2047 4479 tubum*

464 4498 672 4572 Ἑλλήσποντον,
690 4499 738 4571 τήν
759 4499 896 4559 Βοωιτίαν.
941 4498 995 4558 Καί
1016 4500 1103 4566 καλῶς
1119 4523 1162 4578 γε,
1178 4498 1246 4580 έφη,
1288 4523 1358 4571 gnra,
1372 4522 1427 4572 quae
1445 4511 1509 4558 circe
1523 4509 1708 4570 Hellespontum
1726 4513 1804 4572 sunt,
1818 4514 1942 4564 Bmotirut
1971 4513 1996 4558 l]
2009 4517 2049 4569 μ

461 4596 578 4650 ποιοῦσιν
605 4591 738 4659 Ἀθηναῖοι
763 4587 876 4667 Χάρητα
900 4585 948 4664 μέν
971 4584 1017 4644 καῖ
1040 4587 1179 4658 Διοπείθην
1201 4586 1247 4646 καί
1288 4597 1352 4646 olere
1368 4610 1438 4657 sune,
1453 4597 1545 4658 inquit,
1560 4597 1651 4645 iaciunt
1667 4595 2050 4664 Atheninmoe,quunch=sut

461 4678 591 4761 Πρόξενον
600 4678 646 4737 καὶ
657 4675 787 4742 τοιούτους
795 4675 866 4742 τινδις
878 4673 1073 4742 ἀποδεικνύντες
1082 4676 1247 4756 στρατηγεῖν,
1289 4685 1419 4748 Diopithen
1434 4689 1458 4734 et
1470 4689 1604 4734 meeuum
1616 4687 1642 4733 et
1657 4683 1750 4733 horum
1770 4686 1867 4734 ssmiles
1881 4683 1989 4748 quotum
1998 4681 2050 4739 ’ἢ

461 4766 632 4844 Δημοσθένην
646 4765 673 4824 δέ
686 4765 749 4823 εἴσω
763 4762 916 4842 κατέχοντες
930 4763 973 4820 ε’πῖ
985 4768 1030 4821 τοῦ
1048 4763 1173 4843 βήματος.
1198 4763 1247 4830 Ὡς
1289 4777 1379 4822 sutores
1392 4773 1554 4831 constituunt,
1568 4770 1762 4821 Demosthenem
1779 4785 1842 4822 uero
1852 4772 1917 4822 domi
1933 4770 2050 4830 inum

462 4859 485 4914 εἰ
497 4860 588 4914 τοῦτον
602 4854 646 4913 τὸν
660 4853 794 4933 ἄνθρωπον
808 4849 895 4909 ὅπλων
911 4848 1047 4929 ἀπέφηναν
1062 4850 1107 4908 καὶ
1122 4855 1186 4908 νεῶν
1201 4849 1247 4909 καί
1289 4857 1400 4907 retinent.
1432 4857 1524 4915 Quodsi
1542 4857 1605 4905 huno
1623 4856 1750 4907 bominem
1767 4872 1895 4910 armorum
1913 4858 2049 4908 umus*

462 4942 647 5024 στρατοπέδων
662 4941 707 5001 καί
722 4943 821 5020 καιρῶν
843 4938 887 4997 καί
902 4937 1047 5018 χρημάτων
1067 4937 1164 5018 κύριον,
1178 4941 1247 4996 θκνῶ
1290 4945 1356 4994 vium
1364 4951 1388 4996 et
1395 4945 1545 4994 exercituum
1553 4947 1578 4993 et
1588 4945 1839 5006 opportunitatumet
1850 4939 2049 5011 mma-td

463 5030 501 5110 μὴ
515 5031 575 5112 περί
590 5036 635 5103 τῆς
650 5027 818 5095 Μακεδονίας
830 5027 861 5087 ἀν
878 5025 1025 5097 κατέστησέ
1040 5049 1085 5103 μοι
1101 5025 1145 5084 τὸν
1161 5024 1247 5103 λόγον,
1289 5047 1362 5094 num,
1376 5046 1459 5082 vereor
1474 5046 1504 5082 ne
1515 5032 1545 5081 de
1556 5031 1608 5094 ipss
1625 5045 1665 5080 une
1682 5033 1831 5084 llltoedouis
1848 5037 1874 5085 iu
1888 5032 2049 5098 disoepltlinfl

462 5119 489 5187 δς
511 5119 556 5178 καί
580 5125 625 5176 νῦν
650 5117 702 5176 ἀπὸ
724 5113 900 5197 ψηφισμάτων
924 5113 1158 5191 ἀνταγωνιζόμενος
1183 5117 1247 5190 ἡμῖν
1290 5124 1372 5183 uooet;
1383 5121 1425 5182 qui
1436 5121 1472 5169 uel
1483 5121 1518 5169 sio
1527 5119 1744 5170 suismedecretis
1752 5124 2050 5186 oppugnendmpttt

462 5212 598 5285 πανταχοῦ
616 5203 830 5285 συμπεριτρέχει,
844 5201 1058 5279 καταλαμύάνει,
1072 5199 1168 5280 πόρους
1182 5200 1248 5281 εύρί-
1290 5212 1428 5268 concurrat,
1437 5207 1613 5270 deprelremlst,
1623 5208 1719 5258 reditus
1729 5210 1851 5272 inresuiut,
1863 5204 2049 5275 supinorum&-

463 5318 536 5372 σκει,
548 5294 658 5370 δύναμιν
669 5290 950 5370 συλλέγει,ἐπιμη’κεις
961 5289 1068 5356 στολους
1079 5288 1247 5366 ἀποπέμπει,
1290 5298 1378 5346 classes
1395 5296 1456 5345 lutus
1472 5296 1591 5356 diruunt,
1610 5296 1694 5358 oopiss
1713 5298 1738 5346 iu
1757 5299 1839 5348 sdan
1855 5305 1937 5360 σομε,
1958 5297 1997 5345 λετ
2013 5291 2049 5340 Β

463 5383 599 5440 συντάττει
617 5380 752 5457 δυνάμεις,
767 5376 988 5454 ἀντιμεθίσταται.
1292 5385 1409 5435 transiens
1416 5383 1523 5433 obsistat.
1535 5403 1547 5425 υ

506 5483 552 5531 ³8.
575 5475 692 5530 Τοιαῦτα
703 5467 749 5526 καὶ
760 5467 818 5525 τότε
831 5467 877 5524 καί
889 5466 1016 5533 πολλάκις
1028 5463 1091 5545 πρός
1104 5489 1137 5541 με
1150 5464 1247 5525 urhun·
1322 5477 1361 5522 38.
1379 5472 1445 5521 Tulin
1460 5476 1484 5521 et
1500 5474 1552 5520 tum
1564 5474 1588 5519 et
1599 5483 1665 5534 ωερε
1676 5471 1738 5521 elius
1753 5473 1787 5522 sd
1805 5487 1845 5523 οιε
1857 5468 2007 5535 Philippus&
2016 5464 2048 5511 νὴ

465 5578 514 5623 πος
527 5558 587 5636 περὶ
601 5556 707 5635 τάνδρὸς
722 5555 820 5635 ἔλεγεν,
834 5553 860 5613 δν
874 5558 926 5612 τῶν
936 5554 1010 5636 παρά
1024 5559 1070 5626 τῆς
1084 5553 1165 5632 τύχης
1175 5575 1246 5632 χρη·
1292 5560 1333 5609 illo
1350 5558 1457 5620 dicebat,
1475 5559 1537 5610 iuter
1555 5558 1659 5608 fortune
1678 5572 1783 5610 munere
1804 5560 1865 5610 illut
1884 5560 1991 5616 selant,
2004 5545 2048 5616 Ρί
