4759 6600
351 919 504 994 ,Α

614 706 636 761 ii
1160 717 1377 779 euastata.

602 869 694 922 mus.
715 847 1052 922 Hemsterhusianas
1069 872 1107 918 ea
1123 871 1194 944 qua
1209 846 1360 917 decebat
1374 844 1551 916 modestia
1566 845 1824 937 tractabamus,
1838 847 1931 920 nihil

602 974 813 1044 mutationis
833 969 1064 1042 admittentes
1093 970 1163 1039 nisi
1182 968 1247 1038 ubi
1270 966 1325 1037 vel
1343 992 1453 1062 graeca
1470 981 1592 1038 nostra
1611 967 1743 1038 diserte
1760 994 1931 1066 praecipe-

398 1128 407 1135 *
498 1141 500 1143 -
601 1110 702 1185 rent,
718 1095 774 1165 vel
793 1094 902 1164 latina
922 1094 1029 1163 nimis
1044 1106 1162 1162 essent
1179 1088 1363 1187 impedita.

648 1216 797 1313 Reliqua
824 1216 966 1305 omnia,
988 1240 1008 1285 a
1034 1215 1129 1285 libro
1148 1213 1191 1284 de
1208 1214 1421 1305 Sacrficiis,
1441 1236 1519 1308 pag.
1544 1210 1613 1283 525
1638 1212 1695 1283 ed.
1719 1213 1930 1303 Reitzianae,

600 1338 647 1411 ad
670 1338 797 1427 smem,
818 1336 925 1409 nobis
952 1336 1158 1433 judicibus,
1185 1337 1315 1407 eximie
1344 1333 1527 1404 transtulit
1547 1335 1718 1404 Matthias
1746 1340 1932 1406 Gesneraa.

601 1492 618 1527 α
632 1459 744 1549 lllud,
765 1490 782 1525 u
805 1459 948 1556 inquit,
967 1488 984 1524 a
999 1460 1094 1529 inter
1115 1457 1183 1528 alia
1204 1455 1290 1527 dedi
1308 1479 1474 1551 operam,
1499 1468 1560 1543 ut,
1579 1470 1756 1550 quantum
1777 1456 1854 1551 ejus
1868 1481 1934 1553 per

599 1612 616 1647 a
629 1582 819 1677 utriusque
838 1581 967 1675 linguae
985 1580 1142 1650 rationes
1166 1579 1309 1666 liceret,
1330 1601 1404 1647 non
1426 1573 1648 1646 discederem
1666 1601 1687 1646 a
1705 1576 1934 1672 singulorum

598 1734 615 1769 «
628 1701 823 1775 verborum
847 1701 1128 1798 significatione,
1160 1724 1227 1771 nec
1247 1697 1293 1770 ab
1315 1696 1444 1769 ordine
1467 1698 1663 1768 verborum
1685 1714 1720 1769 et
1742 1699 1856 1795 figura
1877 1701 1934 1771 di·

599 1856 616 1891 α
630 1825 783 1914 ctionis;
801 1823 865 1895 sed
882 1826 1003 1921 ipsum
1021 1847 1170 1920 quoque
1188 1846 1304 1920 genus
1321 1820 1469 1892 dicendi
1487 1845 1644 1919 eumque
1674 1847 1784 1919 quem
1813 1823 1935 1895 chara·

597 1959 729 2017 «ctera
757 1961 890 2017 vocant
908 1946 1156 2043 exprimerem.
1181 1974 1199 2009 a
1228 1947 1272 2012 Et
1293 1941 1417 2038 paullo
1449 1955 1534 2037 post
1558 1968 1566 2011 ε
1587 1972 1604 2008 a
1626 1942 1820 2014 Voluimus
1848 1969 1933 2040 ergo

598 2096 615 2132 α
633 2068 968 2165 interpretationem
988 2081 1147 2138 nostram
1165 2065 1352 2135 Lucianeae
1370 2062 1545 2151 orationi,
1563 2078 1742 2159 quantum
1763 2066 1840 2161 ejus
1852 2091 1935 2137 con·

597 2221 614 2257 a
634 2191 737 2288 sequi
757 2192 964 2288 potuimus,
982 2214 1058 2261 esse
1074 2187 1308 2260 simillimam.
1326 2189 1445 2272 »Quae
1464 2209 1519 2254 res
1541 2184 1574 2255 ei
1592 2188 1933 2285 successitegrcgie,

598 2339 717 2410 neque
749 2315 969 2385 minuuntur
999 2311 1124 2384 laudes
1154 2309 1242 2379 huic
1275 2308 1377 2404 operi
1407 2306 1537 2378 debitae
1569 2307 1734 2378 locorum
1759 2309 1935 2406 aliquam·

597 2436 797 2509 multorum
820 2437 1026 2525 notatione,
1054 2435 1091 2506 iu
1122 2431 1384 2530 quibusgraeca
1407 2413 1482 2501 tion
1512 2446 1609 2506 recte
1637 2445 1821 2508 assecutus
1853 2449 1934 2509 est:

596 2585 682 2631 nam
703 2584 744 2631 ea
763 2575 860 2631 sorte
881 2575 1037 2632 utuntur
1063 2556 1315 2631 translationes
1329 2556 1469 2649 latiuae,
1486 2574 1529 2632 ut
1553 2577 1739 2634 taceantur
1759 2581 1935 2638 sexcentae

596 2680 827 2754 difficultates
842 2682 992 2754 feliciter
1005 2698 1179 2780 superatae
1194 2736 1203 2773 ,
1221 2682 1343 2780 lapsus
1367 2709 1462 2755 unus
1481 2699 1517 2754 et
1530 2685 1619 2756 alter
1631 2689 1865 2782 protrahatur
1895 2692 1934 2761 in

595 2804 733 2895 lucem,
753 2805 907 2877 ducatur
926 2806 964 2876 iu
988 2806 1228 2903 triumphum.
1248 2810 1320 2878 Nos
1336 2807 1421 2878 licet
1439 2807 1546 2901 longe
1560 2808 1664 2905 plura
1686 2816 1835 2883 Geraert'
1858 2838 1937 2884 cor-

594 2930 794 3003 rexerimus
813 2955 923 3026 quam
947 2954 1027 3026 quae
1049 2944 1132 3000 ante
1158 2954 1227 3001 nos
1253 2943 1379 3001 notata
1411 2929 1571 3020 fuerant,
1594 2932 1772 3026 permulta
1785 2958 1936 3030 prorsus

594 3052 698 3125 aliter
714 3054 948 3142 verterimus,
969 3053 1121 3149 propius
1144 3050 1190 3122 ad
1212 3067 1372 3122 mentem
1391 3067 1427 3123 et
1444 3053 1553 3124 verba
1579 3055 1728 3125 Luciani
1747 3059 1936 3129 accessisse

596 3175 808 3272 opinantes,
829 3189 949 3245 tamen
971 3174 1184 3245 Gesneriani
1211 3174 1352 3273 operis,
1379 3176 1410 3246 si
1435 3175 1647 3247 universum
1669 3192 1832 3274 spectas,
1850 3205 1936 3276 prae·

595 3297 765 3369 stantiam
783 3297 891 3394 plane
919 3297 1138 3394 singularem
1163 3296 1235 3370 laeti
1255 3313 1439 3370 testamur.
1467 3298 1561 3370 Illud
1593 3299 1712 3371 solum
1740 3302 1857 3372 mirati
1883 3327 1937 3373 su·

594 3443 695 3510 mus,
726 3420 765 3489 in
791 3419 887 3492 libro
911 3421 955 3492 de
972 3421 1040 3492 (lea
1060 3425 1164 3517 Syria
1192 3426 1395 3493 Gesnerum
1423 3422 1674 3494 immemorem
1709 3421 1816 3494 luisse
1849 3449 1935 3520 pro·

595 3546 789 3615 missorum
812 3543 1079 3616 declamatore
1098 3543 1301 3634 ,serrand03
1329 3569 1414 3615 nam
1442 3546 1646 3617 orationem
1676 3547 1935 3638 Herodoteam,

594 3689 674 3762 quae
701 3664 753 3736 ibi
787 3680 928 3760 regnat,
965 3667 1002 3736 in
1036 3666 1159 3737 latinis
1183 3667 1307 3761 ligavit
1328 3681 1365 3738 et
1396 3668 1564 3763 compsit.
1600 3670 1768 3737 Ceterum
1800 3693 1866 3764 per
1897 3694 1936 3741 se

593 3785 825 3881 intelligitur,
851 3788 975 3858 omnia
1005 3788 1139 3859 nostris
1162 3787 1308 3883 gracia,
1330 3810 1410 3883 quae
1436 3787 1631 3883 sepissime
1654 3787 1867 3884 discrepant
1889 3788 1935 3860 ab

594 3907 806 3996 Reitaianis,
829 3931 907 3978 esse
925 3908 1209 3979 accommodata.
1233 3911 1274 3977 lu
1296 3907 1521 3979 carminibus
1536 3908 1582 3980 de
1604 3907 1766 4005 Podagra
1788 3935 1863 3981 non
1884 3911 1935 3981 vi·

593 4028 770 4105 debamur
787 4056 905 4128 operae
919 4033 1076 4129 pretium
1093 4031 1243 4121 facturi,
1258 4031 1289 4103 si
1311 4056 1435 4103 versus
1455 4048 1551 4104 recte
1570 4032 1777 4105 modulatos
1798 4037 1933 4105 Gesne-

593 4153 703 4224 rianis
729 4150 1043 4225 substitueremus.
1068 4155 1333 4251 Epigrammata
1359 4153 1532 4251 pleraque
1562 4153 1609 4226 ab
1639 4160 1786 4253 Hagnae
1808 4159 1934 4228 Grott'o

592 4300 694 4348 versa
715 4291 819 4362 sunt,
840 4292 1013 4372 quattuor
1027 4291 1089 4348 aut
1104 4277 1269 4373 quinque
1286 4275 1333 4347 ab
1348 4275 1466 4347 nobis.

639 4398 796 4470 Indicam
813 4398 973 4496 denique
1005 4400 1230 4471 Reitaianum
1250 4400 1375 4471 multis
1408 4399 1499 4471 locis
1527 4398 1768 4488 correximus,
1787 4414 1821 4470 et
1849 4423 1935 4495 qua·

594 4516 795 4612 dringentis
814 4516 886 4588 lere
899 4516 1155 4590 additamentis
1172 4518 1349 4589 auximus.
1367 4518 1479 4589 Tituli
1494 4519 1676 4592 asteriscis
1692 4519 1808 4591 notati
1821 4517 1935 4591 libros

594 4638 851 4737 supposititios
866 4640 1041 4711 iudicant.
1061 4696 1064 4703 .
