4759 6600
916 749 1031 803 684

918 899 1005 937 νον
1021 900 1035 913 ·
1054 874 1114 934 τὸ
1129 873 1223 954 μὲν
1238 873 1340 955 γὰρ
1354 875 1560 955 πρῶτον
1581 869 1880 950 γυναικείαν
1902 868 2106 951 μορφὴν
2123 867 2454 929 ἐπεδείκνυτο
2465 913 2481 941 ,

917 956 1031 1024 εἶτα
1076 968 1198 1043 βοῦς
1232 962 1435 1039 ἐγένετο
1472 959 1774 1037 πάγκαλος,
1820 949 1932 1017 εἶτα
1977 956 2173 1025 σκύλαξ
2222 955 2478 1038 ἐφαίνετο.

916 1051 1080 1117 Τέλος
1107 1051 1153 1108 δ’
1176 1041 1265 1109 οῦν
1293 1053 1321 1108 6
1345 1046 1698 1130 Ὑπερὸόρεος
1733 1050 1794 1106 ἐκ
1825 1048 1998 1117 πηλοῦ
2023 1044 2235 1128 ἐρώτιόν
2256 1069 2308 1103 τι
2345 1047 2476 1102 ἀνα-

917 1137 1159 1210 πλάσας,
1195 1136 1398 1211 Ἄπιθι,
1439 1134 1566 1218 ἔφη,
1608 1135 1698 1193 καὶ
1731 1135 1827 1214 ἄγε
1849 1133 2106 1215 Χρυσίδα.
2192 1132 2301 1193 Καὶ
2328 1136 2356 1190 6
2386 1132 2482 1209 μὲν

914 1225 1079 1294 πηλὸς
1105 1222 1380 1298 ἐξέπτατο,
1414 1225 1506 1283 καὶ
1534 1222 1668 1301 μετὰ
1696 1222 1878 1305 μικρὸν
1909 1221 1963 1280 δὲ
1994 1221 2184 1294 ἐπέστη
2215 1221 2481 1280 κόπτουσα

914 1316 1007 1387 τὴν
1034 1314 1191 1397 θύραν
1217 1313 1389 1387 ἐκείνη
1410 1312 1501 1372 καὶ
1529 1313 1830 1370 εἰσελθοῦσα
1857 1309 2166 1392 περιὸάλλει
2188 1310 2276 1368 τὸν
2307 1311 2483 1370 Γλαυ-

913 1400 1035 1460 κίαν
1072 1405 1142 1468 ὡς
1177 1399 1241 1459 ἂν
1277 1397 1651 1477 ἐμμανέστατα
1697 1401 1868 1479 ἐρῶσα
1910 1397 2001 1457 καὶ
2048 1402 2206 1469 συνῆν
2245 1397 2370 1478 ἄχρι
2416 1397 2480 1469 δὴ

915 1487 1272 1570 ἀλεκτρυόνων
1298 1485 1601 1564 ἠκούσαμεν
1625 1484 1870 1567 ᾀδόντων.
1952 1485 2086 1546 Τότε
2124 1484 2186 1556 δὴ
2215 1484 2251 1556 ἥ
2283 1508 2340 1543 τε
2373 1487 2483 1545 Σε-

913 1576 1048 1650 λῆνη
1080 1574 1341 1635 ἀνέπτατο
1371 1576 1423 1641 ἐς
1452 1573 1543 1633 τὸν
1571 1572 1787 1655 οὐρανὸν
1813 1572 1903 1632 καὶ
1929 1577 1963 1644 ἡ
1993 1572 2200 1645 Ἑκάτη
2231 1572 2320 1632 ἔδυ
2344 1571 2483 1632 κατὰ

913 1670 1010 1738 τῆς
1031 1669 1128 1744 γῆς
1153 1664 1246 1723 καὶ
1272 1661 1341 1721 τὰ
1363 1662 1503 1721 ἄλλα
1531 1661 1785 1743 φάσματα
1809 1661 2071 1743 ἠφανίσθη
2093 1661 2185 1721 καὶ
2212 1660 2308 1734 τὴν
2333 1664 2481 1742 Χρυ-

916 1754 1037 1813 σίδα
1069 1751 1436 1832 ἐξεπέμψαμεν
1468 1748 1589 1830 περὶ
1619 1747 1748 1808 αὐτό
1774 1772 1876 1809 που
1905 1750 2091 1830 σχεδὸν
2118 1750 2178 1809 τὸ
2209 1747 2481 1828 λυκαυγές.

1001 1860 1025 1901 1
1039 1852 1090 1902 5.
1138 1841 1206 1900 Εἰ
1227 1844 1396 1897 ταῦτα
1421 1829 1578 1909 εἶδες,
1598 1826 1643 1895 ὦ
1664 1837 1908 1916 Τυχιάδη
1921 1882 1938 1909 ,
1961 1840 2058 1897 οὒκ
2077 1836 2138 1895 ἂν
2161 1836 2240 1895 ἔτι
2258 1836 2485 1909 ἠπίστη-

917 1952 1014 1995 σας
1035 1919 1167 1987 εἷναι
1190 1925 1363 1986 πολλὰ
1382 1929 1434 1984 ἐν
1457 1928 1571 1990 ταῖς
1594 1926 1820 2006 ἐπῳδαῖς
1841 1925 2101 2008 χρήσιμα.
2185 1916 2267 1985 Εὖ
2285 1923 2455 2003 λέγεις
2468 1969 2483 1996 ,

917 2010 983 2090 ἦν
1012 2018 1059 2076 δ’
1087 2015 1216 2097 ἐγώ·
1247 2013 1517 2073 ἐπίστευον
1542 2011 1643 2094 γὰρ
1674 2012 1755 2086 ἂν,
1787 2012 1919 2091 εἴγε
1947 2005 2081 2072 εἶδον
2111 2011 2275 2086 αὐτὰ,
2303 2018 2394 2071 νῦν
2428 2011 2484 2071 δὲ

918 2103 1203 2185 συγγνώμη
1217 2149 1232 2176 ,
1255 2093 1431 2180 οἶμαι,
1456 2103 1501 2160 εἰ
1527 2099 1602 2178 μὴ
1630 2100 1698 2159 τὰ
1721 2101 1879 2178 ὅμοια
1906 2103 2027 2179 ὑμῖν
2048 2100 2335 2183 ὀξυδερκεῖν
2357 2098 2483 2181 ἔχω.

922 2191 1074 2264 Πλὴν
1103 2192 1220 2251 ἀλλ’
1247 2182 1362 2250 οἶδα
1389 2188 1491 2272 γὰρ
1519 2187 1615 2261 τὴν
1645 2190 1912 2270 Χρυσίδα,
1940 2190 2005 2261 ἣν
2033 2188 2226 2269 λέγεις,
2258 2185 2485 2269 ἐραστὴν

919 2282 1142 2360 γυναῖκα
1167 2280 1258 2339 καὶ
1277 2277 1554 2361 πρόχειρον
1569 2302 1582 2314 ·
1603 2279 1704 2356 οὐχ
1720 2280 1825 2357 ὁρῶ
1844 2275 1901 2335 δὲ
1915 2276 2050 2344 τίνος
2070 2276 2220 2336 ἕνεκα
2239 2275 2484 2348 ἐδεήθητε

919 2368 1002 2427 ἐπ’
1036 2367 1199 2439 αὐτὴν
1232 2372 1323 2426 τοῦ
1361 2364 1581 2438 πηλίνου
1611 2357 1933 2447 πρεσὸεύτοῦ
1975 2365 2066 2424 καὶ
2104 2365 2274 2444 μάγου
2311 2370 2404 2423 τοῦ
2434 2362 2487 2431 ἐξ

919 2453 1286 2537 ’Υπερὸορέων
1325 2453 1416 2514 καὶ
1455 2451 1691 2526 Σελήνης
1727 2455 1917 2525 αὐτῆς,
1946 2452 2011 2525 ἣν
2039 2453 2202 2511 εἴκοσι
2235 2454 2486 2533 δραχμῶν

920 2544 1137 2621 ἀγαγεῖν
1166 2545 1216 2608 ἐς
1244 2539 1625 2623 Ὑπερὸορέους
1662 2541 1878 2599 δυνατὸν
1914 2532 2000 2613 ἦν.
2088 2539 2240 2600 Πάνυ
2267 2536 2369 2621 γὰρ
2400 2542 2487 2597 ἐν-

921 2630 1103 2688 δίδωσι
1124 2628 1252 2709 πρὸς
1272 2627 1469 2701 ταύτην
1487 2627 1583 2701 τὴν
1609 2626 1816 2709 ἐπῳδὴν
1840 2632 1874 2701 ἡ
1895 2626 2025 2707 γυνὴ
2048 2626 2138 2686 καὶ
2169 2627 2229 2685 τὸ
2257 2624 2487 2686 ἐναντίον

920 2721 1028 2784 τοῖς
1077 2717 1321 2799 φάσμασι
1365 2715 1646 2775 πέπονθεν·
1693 2720 1865 2775 ἐκεῖνα
1908 2714 2003 2793 μὲν
2051 2714 2155 2795 γὰρ
2209 2713 2274 2786 ἢν
2320 2714 2484 2798 ψόφον
2535 2750 2537 2755 -

920 2801 1120 2884 ἀκούσῃ
1148 2805 1349 2887 χαλκοῦ
1379 2801 1414 2874 ἢ
1445 2803 1685 2885 σιδήρου,
1712 2804 1940 2884 πέφευγε
1970 2845 2034 2853 -
2060 2802 2151 2863 καὶ
2190 2809 2358 2862 ταῦτα
2386 2800 2488 2882 γὰρ

922 2893 1072 2970 ὑμεῖς
1110 2914 1242 2974 φατε
1268 2926 1348 2936 -
1376 2890 1509 2963 αὕτη
1532 2890 1607 2964 δὲ,
1638 2890 1701 2949 ἂν
1733 2889 1978 2976 ἀργύριόν
2005 2914 2106 2949 που
2138 2893 2309 2973 ψοφῇ,
2339 2888 2491 2972 ἔρχε-

920 3002 1009 3039 ται
1028 2979 1157 3062 πρὸς
1179 2979 1266 3038 τὸν
1291 2971 1441 3058 ἦχον.
1524 2974 1725 3047 Ἄλλως
1740 3002 1798 3039 τε
1819 2978 1911 3038 καὶ
1937 2978 2190 3059 θαυμάζω
2212 2981 2370 3038 αὐτοῦ
2396 2983 2490 3037 τοῦ

923 3067 1125 3146 μάγου,
1166 3071 1212 3127 εἰ
1241 3067 1521 3145 δυνάμενος
1549 3067 1700 3135 αὐτὸς
1723 3070 2005 3149 ἐρασθῆναι
2039 3067 2169 3149 πρὸς
2193 3071 2298 3126 τῶν
2327 3068 2490 3126 πλου-

922 3153 1192 3213 σιωτάτων
1217 3159 1475 3233 γυναικῶν
1500 3155 1592 3215 καὶ
1614 3154 1848 3213 τάλαντα
1872 3153 1970 3214 ὅλα
1998 3156 2124 3237 παρ’
2153 3158 2326 3215 αὐτῶν
2348 3156 2493 3233 λαμ-

923 3242 1120 3315 6άνειν,
1171 3248 1199 3303 6
1241 3242 1298 3303 δὲ
1343 3243 1607 3326 τεττάρων
1655 3246 1798 3321 μνῶν
1848 3243 1986 3303 πάνυ
2034 3243 2373 3330 σμικρολόγος
2417 3240 2490 3303 ὢν

923 3331 1190 3392 Γλαυκίαν
1219 3330 1503 3414 ἐπέραστον
1549 3330 1840 3411 ἐργάζεται.
1923 3334 2114 3395 Γελοῖα
2152 3337 2347 3411 ποιεῖς,
2390 3331 2491 3415 ἔφη

921 3425 950 3478 6
978 3415 1120 3490 Ἴων,
1151 3420 1388 3478 ἀπιστῶν
1419 3419 1633 3480 ἅπασιν.
2186 3459 2197 3467 -

1007 3515 1097 3566 16.
1141 3504 1286 3584 Ἐγὼ
1304 3512 1426 3583 γοῦν
1452 3505 1617 3577 ἡδέως
1637 3505 1700 3565 ἂν
1727 3505 1942 3588 ἐροίμην
1967 3515 2055 3580 σε,
2073 3505 2126 3564 τί
2148 3506 2269 3587 περὶ
2291 3504 2491 3566 τούτων
2537 3554 2540 3565 ,,

922 3590 1021 3674 φὴς
1039 3591 1149 3656 ὅσοι
1171 3593 1291 3661 τοὺς
1311 3596 1669 3670 δαιμονῶντας
1687 3594 2081 3653 ἀπαλλάττουσι
2101 3599 2204 3653 τῶν
2228 3593 2491 3671 δειμάτων

923 3678 1060 3738 οὕτω
1095 3683 1271 3762 σαφῶς
1308 3679 1569 3762 ἐξᾴδοντες
1601 3681 1692 3739 καὶ
1727 3679 1795 3738 τὰ
1830 3680 2108 3763 φάσματα.
2197 3682 2305 3742 Καὶ
2329 3687 2494 3740 ταῦτα

923 3770 1017 3827 οὐκ
1035 3767 1128 3845 ἐμὲ
1147 3768 1252 3848 χρὴ
1271 3768 1461 3847 λέγειν,
1482 3767 1619 3826 ἀλλὰ
1639 3768 1829 3835 πάντες
1852 3766 2000 3826 ἴσασι
2023 3769 2110 3827 τὸν
2133 3768 2301 3849 Σύρον
2321 3769 2409 3828 τὸν
2429 3771 2495 3829 ἐκ

920 3860 1015 3927 τῆς
1047 3857 1436 3930 Παλαιστίνης,
1464 3856 1552 3914 τὸν
1576 3856 1664 3915 ἐπὶ
1690 3855 1886 3914 τούτων
1911 3856 2184 3939 σοφιστὴν,
2215 3855 2363 3923 δ’σους
2390 3880 2496 3915 πα-

1941 733 2089 794 L11.
2147 729 2771 793 ΦΙΛΟΨΕΥΔΗΣ.
2831 738 2900 789 ¹5
2928 738 3114 789 —1⁷.

3797 729 3945 808 (111,
3967 729 4120 808 θῶ)

2573 887 2683 924 rens
2703 888 2717 923 ε
2738 874 2894 938 primo
2927 873 3123 938 quidem
3156 872 3442 924 muliebrem
3469 872 3688 923 formant
3707 871 4022 937 ostendam
4042 878 4127 925 t-

2570 961 2661 1011 bos
2676 962 2822 1012 fiebat
2847 962 3195 1024 pulcherrima;
3208 960 3384 1012 deinde
3397 962 3576 1011 catella
3590 960 3879 1011 videbatur.
3945 962 4129 1014 1·ιή-

2571 1050 2906 1112 Hyperboreas
2928 1049 2989 1099 de
3012 1049 3114 1099 luto
3135 1062 3287 1113 quum
3311 1049 3532 1099 finxisset
3551 1049 3831 1112 parvulum
3851 1049 4130 1113 σὼ,

2572 1137 2660 1188 Abi
2673 1173 2687 1199 ,
2709 1137 2891 1200 inquit,
2915 1139 2964 1187 et
2981 1137 3139 1187 adduc
3155 1137 3469 1200 Chrysidem!
3492 1136 3682 1187 Avolat
3703 1137 3875 1186 lutum
3886 1171 3904 1199 ,
3920 1149 4064 1200 neque
4077 1137 4131 1186 h

2572 1225 2727 1275 multo
2740 1230 2853 1289 post
2870 1226 3025 1276 astitit
3042 1226 3122 1276 illa
3135 1226 3330 1290 pulsans
3344 1226 3553 1287 ianuam
3566 1240 3583 1286 3
3604 1230 3657 1275 et
3679 1225 3909 1288 ίιιςηωι
3923 1225 4131 1276 Εὴιὺ

2573 1314 2894 1377 amplectitur,
2909 1318 2965 1363 ut
2978 1327 3089 1377 quoe
3106 1314 3168 1363 ad
3191 1327 3436 1363 summum
3456 1313 3686 1363 furorem
3706 1326 3877 1377 usqne
3892 1318 4058 1364 unm
4069 1314 4132 1363 b-

2571 1401 2750 1451 minem
2764 1438 2779 1464 ,
2799 1402 2985 1465 fuitque
3002 1415 3113 1453 cum
3130 1402 3211 1452 illo
3233 1415 3388 1466 usque
3404 1402 3527 1452 dum
3552 1402 3807 1465 gallorum
3826 1401 4131 1453 emuna}-

2572 1503 2753 1540 remus.
2832 1494 2973 1542 Tunc
3004 1503 3178 1554 nempe
3208 1494 3344 1542 Luna
3366 1490 3588 1541 evolavit
3615 1490 3666 1540 ln
3689 1491 3910 1553 mum,
3927 1496 3977 1542 et
3997 1495 4132 1540 ur·

2571 1580 2749 1629 Hecate
2768 1578 2949 1640 subiit,
2969 1584 3019 1629 et
3051 1580 3234 1642 reliqua
3264 1582 3452 1642 spectra
3473 1591 3740 1630 evanuere
3750 1615 3771 1643 ,
3809 1583 3866 1630 et
3897 1579 4128 1640 cuthb,

2571 1668 2697 1716 circa
2716 1667 2874 1729 ipsum
2894 1666 2995 1718 fere
3015 1667 3277 1717 diluculum
3288 1704 3304 1730 ‚
3327 1666 3652 1730 Chrysidem.

2641 1890 2714 1935 ¹5.
2748 1886 2866 1935 Haec
2885 1884 2926 1935 si
2951 1884 3178 1946 vidisses,
3197 1884 3467 1948 'ry-chiam,
3488 1898 3597 1935 non
3621 1884 3850 1949 amplius
3868 1883 4005 1937 fih-
4019 1895 4121 1947 m·

2573 1986 2651 2023 res
2673 1972 2944 2023 dicentibus
2960 1986 3068 2023 esse
3086 1973 3239 2023 multa
3255 1972 3306 2023 in
3328 1973 3764 2025 lncanutionibus
3787 1973 3944 2025 utilia.
3995 1973 4121 2032 Ισᾱ,

2575 2059 2796 2123 inquam,
2816 2074 3017 2110 mones:
3039 2060 3280 2111 crederem
3302 2060 3461 2123 enim,
3486 2075 3553 2111 ea
3571 2061 3619 2111 si
3644 2061 3923 2125 vidissem
3944 2072 4118 2111 ια·-

2574 2152 2674 2199 tem
2698 2149 3205 2213 venia,puto,parata
3226 2148 3606 2209 est‚sinonita
3629 2154 3973 2201 acuteutvos
3997 2146 4117 2197 vidus

2574 2237 2686 2286 talia
2715 2249 2929 2299 possum.
2992 2239 3176 2287 Verum
3206 2236 3336 2287 enim
3377 2248 3499 2286 vero
3538 2237 3684 2300 (novi
3718 2238 3860 2288 enim
3892 2233 4116 2300 cumid-

2574 2337 2721 2387 quam
2739 2324 2886 2387 dicis,
2900 2324 3176 2375 amatricem
3192 2324 3470 2385 mulierem,
3492 2324 3806 2390 facilemque
3839 2326 3891 2376 et
3917 2322 4115 2389 prm)

2576 2426 2674 2462 non
2696 2411 2837 2462 video
2855 2426 3001 2475 quam
3023 2412 3086 2463 ob
3109 2426 3303 2462 causam
3325 2425 3452 2475 opus
3472 2413 3763 2464 habueritis
3785 2414 3940 2478 legato
3954 2410 4009 2462 ad
4023 2411 4115 2461 fl-

2577 2500 2738 2563 luteo,
2761 2506 2810 2550 et
2833 2514 2971 2563 mago
2994 2514 3053 2551 ex
3079 2500 3427 2564 Hyperboreis,
3459 2500 3679 2565 ipsaque
3702 2502 3833 2552 adeo
3851 2505 4114 2563 [almv-

2577 2585 2746 2648 viginti
2777 2585 3020 2636 drachmis
3050 2586 3112 2636 ad
3148 2587 3277 2651 ipsos
3312 2586 3563 2638 abducere
3594 2588 3786 2639 licebat
3820 2588 4111 2654 aspen-uu.

2576 2677 2699 2724 Nam
2725 2674 2805 2724 tali
2823 2674 3020 2726 carmini
3038 2674 3164 2725 cedit
3185 2676 3356 2725 mulier
3372 2676 3472 2738 illa,
3486 2681 3542 2726 et
3561 2676 4009 2742 contr-ariospeebis
4021 2676 4113 2737 *m-

2577 2762 2659 2815 nio
2680 2767 2756 2813 est
2794 2777 2808 2811 :
2847 2776 2958 2825 quae
2986 2763 3027 2812 si
3046 2764 3297 2827 strepitum
3315 2762 3524 2815 audiant
3552 2766 3674 2818 oeris
3706 2768 3797 2816 ant
3815 2766 3945 2827 kri,
3969 2764 4111 2827 tq&

2580 2851 2772 2915 (nempe
2802 2855 2852 2900 et
2898 2851 3004 2900 haec
3033 2865 3122 2901 vos
3154 2851 3362 2914 dicitis);
3398 2865 3577 2903 verum
3609 2854 3701 2904 illa
3730 2852 4109 2917 muncip

2532 2931 2540 2990 J
2577 2938 2776 3000 tinniat,
2800 2939 2931 2988 venit
2952 2938 3013 2988 ad
3035 2951 3223 2989 sonum.
3271 2939 3515 3005 ‚Alioquin
3546 2942 3720 3005 ipsum
3743 2954 3932 3007 quove
3965 2949 4109 3002 ΠΡ

2578 3025 2746 3088 miror,
2771 3027 2842 3090 si,
2865 3040 3017 3090 quum
3040 3027 3190 3091 possit
3228 3026 3334 3090 ipse
3375 3029 3534 3079 amari
3560 3042 3593 3078 a
3609 3026 4109 3082 ditissimisndlnh

2578 3119 2628 3165 et
2648 3115 2799 3165 solida
2820 3115 2883 3166 ab
2903 3114 2999 3165 illis
3022 3115 3200 3167 talenta
3218 3116 3462 3179 accipere,
3487 3130 3581 3180 pro
3598 3120 3841 3182 quattuor
3855 3117 3986 3170 mint:
3999 3111 4108 3166 ιιιῦ·

2580 3202 2673 3253 dus
2696 3203 2841 3253 bomo
2865 3203 3113 3253 Glauciam
3148 3203 3305 3254 reddit
3323 3204 3603 3257 amabilem.
3671 3206 3896 3261 nium
3920 3202 4106 3266 hdo&

2581 3291 2688 3356 quit
2708 3293 2823 3353 lon,
2843 3291 2927 3358 qui
2947 3290 3092 3345 tidem
3114 3305 3259 3356 neges
3278 3291 3529 3346 omnibus.

2650 3540 2724 3587 1⁶.
2758 3540 2860 3600 Ego
2894 3537 3068 3589 lubens
3092 3537 3482 3603 interrogaverim
3507 3543 3585 3603 te,
3617 3539 3686 3591 de
3718 3536 4106 3607 ult-quidnam

2584 3626 2670 3688 qui
2701 3624 3024 3677 daemoniacos
3046 3626 3248 3676 liberant
3274 3627 3571 3690 terroribus,
3590 3637 3765 3692 aperte
3788 3627 3907 3680 adeo
3923 3628 4106 3690 ipsiu*

2584 3729 2679 3779 que
2702 3720 2890 3779 spectra
2908 3721 3233 3766 excantantes.
3300 3720 3362 3766 Et
3383 3717 3490 3766 haec
3509 3731 3589 3767 me
3608 3717 3777 3768 dioere
3794 3716 4105 3780 nihilq-sess

2584 3803 2671 3853 sed
2691 3809 2868 3855 norunt
2883 3818 3051 3854 omnes
3070 3808 3246 3867 Syrum
3264 3804 3398 3854 illum
3416 3817 3445 3854 e
3469 3805 3738 3855 Palaestina
3751 3842 3766 3867 ,
3780 3800 4106 3856 taliumffldb·

2586 3906 2702 3941 num
2722 3893 2987 3954 sophistam
3005 3929 3019 3952 ,
3045 3894 3163 3956 quot
3186 3892 3265 3942 ille
3286 3892 3487 3941 traditos
3510 3892 3605 3941 sibi
3629 3891 3861 3941 oedmtes
3882 3889 3941 3941 ad
3965 3889 4107 3941 lun-0

923 3944 1170 4025 palmeam
1219 3945 1642 4011 καταπίπτοντας
1699 3945 1828 4025 πρὸς
1890 3945 1984 4016 τὴν
2028 3946 2251 4018 σελήνην
2294 3945 2387 4004 καὶ
2422 3943 2497 4004 τὼ
2541 3950 2545 4026 ί
2586 3980 2939 4042 distorquentes
2956 3981 3149 4040 oculos,
3176 3992 3346 4042 spuma
3364 3992 3421 4029 os
3450 3980 3699 4042 repletum
3723 3980 4108 4038 habente-,tun

921 4033 1176 4114 ὀφθαλμὼ
1215 4034 1612 4115 διαστρέφοντας
1653 4033 1745 4092 καὶ
1791 4037 1951 4116 ἀφροῦ
2001 4033 2402 4112 πιμπλαμένους
2438 4032 2498 4092 τὸ

923 4207 1139 4288 μεγάλῳ
1155 4208 1462 4276 ἀπαλλάξας
1480 4212 1582 4267 τῶν
1603 4211 1780 4267 δεινῶν
1796 4233 1808 4247 ·
1829 4209 2039 4267 ἐπειδὰν
2061 4209 2161 4289 γὰρ
2182 4213 2369 4288 ἐπιστῇ
2392 4230 2496 4265 κει-

924 4292 1096 4370 μένοις
1113 4299 1203 4353 καὶ
1225 4295 1406 4376 ἔρηται
1423 4296 1537 4354 ὅθεν
1558 4297 1950 4368 εἰσεληλύθασιν
1967 4298 2038 4362 εἷς
2057 4296 2116 4354 τὸ
2137 4299 2295 4371 σῶμα
2313 4339 2328 4366 ,
2350 4299 2378 4353 6
2401 4294 2495 4373 μὲν

923 4467 1082 4540 ζωνῆ
1115 4469 1446 4551 βαρὸαρίζων
1475 4469 1510 4540 ἢ
1539 4471 1652 4529 ὅθεν
1685 4470 1746 4530 ἂν
1778 4471 1931 4537 αὐτὸς
1956 4463 1990 4550 ᾗ
2017 4472 2156 4538 ὅπως
2183 4495 2240 4530 τε
2268 4471 2358 4530 καὶ
2382 4471 2495 4531 ὅθεν

922 4557 1145 4628 ἐπῆλθεν
1170 4559 1222 4623 ἐς
1243 4557 1331 4616 τὸν
1358 4557 1626 4639 ἄνθρωπον
1643 4583 1655 4595 ·
1679 4564 1707 4617 6
1731 4558 1783 4618 δὲ
1809 4559 1988 4642 ὅρκους
2013 4559 2242 4637 ἐπάγων,
2267 4563 2313 4618 εἰ
2338 4558 2392 4618 δὲ
2420 4560 2495 4638 μὴ

922 4645 1187 4717 πεισθείη,
1226 4645 1317 4704 καὶ
1355 4648 1585 4705 ἀπειλῶν
1616 4646 1876 4715 ἐξελαύνει
1904 4648 1991 4706 τὸν
2024 4648 2267 4724 δαίμονα.
2352 4647 2498 4727 Ἔγῲ

922 4737 1047 4811 γοῦν
1065 4733 1156 4790 καὶ
1175 4724 1310 4792 εἶδον
1331 4732 1528 4802 ἐξιόντα
1552 4734 1754 4813 μέλανα
1778 4735 1869 4793 καὶ
1894 4734 2148 4808 καπνώδη
2169 4733 2264 4806 τὴν
2288 4735 2493 4817 χροιάν.

927 4823 1007 4881 Οὔ
1037 4821 1204 4900 μέγα,
1236 4813 1302 4894 ἦν
1346 4824 1391 4880 δ’
1432 4822 1562 4902 ἐγὼ,
1594 4821 1661 4881 τὰ
1688 4822 1907 4882 τοιαῦτά
1936 4847 1992 4882 σε
2027 4829 2171 4905 ὁρᾶν,
2201 4814 2244 4882 ὦ
2273 4822 2421 4896 Ἴων,
2454 4816 2498 4906 ᾧ

876 4944 883 4950 -
923 4931 982 4987 γε
1007 4909 1096 4968 καὶ
1119 4913 1173 4968 αἱ
1195 4909 1328 4968 ἰδέαι
1349 4910 1503 4970 αὐταὶ
1527 4911 1824 4994 φαίνονται,
1847 4911 1907 4977 ἃς
1927 4915 1954 4969 6
1973 4909 2150 4991 πατὴρ
2170 4914 2316 4989 ὑμῶν
2337 4913 2496 4971 Πλά-

924 5020 1028 5055 των
1058 4997 1334 5076 δείκνυσιν,
1369 4999 1605 5081 ἀμαυρόν
1646 5024 1699 5058 τι
1730 4998 1900 5078 θέαμα
1929 5003 1998 5068 ὡς
2032 4999 2162 5082 πρὸς
2196 5004 2336 5078 ἡμᾶς
2380 5000 2499 5068 τοὺς

925 5084 1381 5162 ἀμὸλυώττοντας.

1012 5185 1105 5235 17.
1150 5173 1322 5241 Μόνος
1349 5174 1450 5255 γὰρ
1476 5173 1621 5249 Ἴων,
1651 5174 1749 5258 ἔφη
1781 5181 1809 5235 6
1838 5174 2143 5258 Εὐκράτης,
2182 5174 2250 5235 τὰ
2278 5183 2495 5236 τοιαῦτα

926 5251 1083 5338 εἶδεν,
1104 5262 1223 5343 οὐχὶ
1244 5261 1297 5320 δὲ
1319 5263 1409 5322 καὶ
1434 5263 1586 5323 ἄλλοι
1609 5264 1795 5324 πολλοὶ
1819 5264 2061 5344 δαίμοσιν
2090 5265 2496 5347 ἐντετυχήκασιν

927 5350 974 5406 οἱ
1005 5349 1100 5426 μὲν
1128 5350 1362 5431 νύκτωρ,
1391 5354 1439 5411 οἱ
1473 5351 1527 5410 δὲ
1562 5353 1676 5430 μεθ’
1708 5354 1938 5434 ἠμέραν;
1980 5351 2083 5432 ἐγὼ
2113 5353 2167 5412 δὲ
2201 5356 2300 5437 οὐχ
2329 5352 2498 5426 ἅπαξ,

928 5434 1064 5495 ἀλλὰ
1085 5437 1325 5522 μυριάκις
1338 5437 1439 5512 ἤδη
1455 5437 1522 5497 τὰ
1536 5446 1754 5500 τοιαῦτα
1769 5440 2037 5520 τεθέαμαι·
2054 5441 2219 5500 καὶτὸ
2244 5443 2338 5519 μὲν
2353 5446 2498 5523 πρῶ-

922 4121 1094 4198 στόμα
1113 4122 1254 4199 ὅμως
1275 4123 1517 4193 ἀνίστησι
1545 4122 1635 4180 καὶ
1659 4122 1962 4199 ἀποπέμπει
1988 4122 2194 4203 ἀρτίους
2215 4122 2301 4180 ἐπὶ
2327 4126 2497 4201 μισθῷ
2541 4110 2544 4167 J
2586 4073 2813 4128 susmm’
2837 4073 2886 4118 et
2908 4081 3051 4120 sams
3070 4067 3270 4118 dmum
3295 4080 3471 4129 magna
3498 4067 3731 4117 mm
3750 4068 3970 4117 hbet-¹⁰⁸
3992 4060 4107 4114 ffl-

2587 4155 2791 4214 Quando
2809 4157 2934 4205 enim
2952 4158 3075 4205 astat
3082 4155 3350 4219 jacentibus
3363 4192 3378 4216 ,
3394 4160 3443 4206 et
3458 4155 3730 4219 interrogat
3746 4154 3876 4206 unde
3888 4149 4108 4204 ἰιιῑιιτοϊ

2589 4243 2653 4292 illi
2671 4243 2720 4292 in
2738 4257 2928 4306 corpus»,
2949 4245 3049 4307 ipse
3063 4243 3259 4307 quidem
3275 4247 3400 4293 tacet
3413 4247 3632 4304 aegrotus
3644 4261 3661 4307 ς
3673 4243 3929 4308 respondet
3941 4237 4107 4291 vero*

921 4384 1086 4439 νοσῶν
1125 4383 1280 4449 αὐτὸς
1317 4393 1524 4461 σιωπᾷ,
1553 4388 1581 4441 6
1612 4383 1811 4462 δαίμων
1840 4382 1896 4441 δὲ
1926 4383 2260 4461 ἀποκρίνεται
2286 4382 2497 4455 ἑλληνί-
2541 4362 2544 4406 ί
2586 4345 2700 4381 mon
2719 4344 2871 4393 We
2890 4332 2966 4381 'e'
2986 4332 3312 4392 barbaoe’am
3331 4331 3679 4395 undecumque
3692 4338 3757 4383 ⁸¹²
3770 4323 4107 4397 imm-⁰⁸⁰⁸

2587 4422 2637 4468 et
2651 4419 2776 4471 unde
2800 4420 2983 4469 venerit
3000 4419 3048 4468 in
3068 4419 3309 4470 hominem
3334 4435 3346 4468 :
3365 4423 3470 4468 tum
3493 4419 3590 4470 iste
3607 4420 3980 4484 adjurationeet,
3998 4417 4104 4467 ri-

2587 4511 2777 4572 pareat,
2802 4508 2947 4558 minis
2978 4507 3246 4558 daemonem
3281 4507 3498 4569 expellit.
3567 4512 3732 4572 Atque
3764 4522 3855 4575 ego
3882 4505 3975 4558 *ἰῶ
4002 4503 4103 4555 ὼ

2586 4597 2838 4646 exeuntem
2864 4609 3013 4647 unum
3049 4596 3183 4657 nigro
3219 4595 3376 4648 colore
3413 4599 3465 4645 et
3507 4595 3722 4647 fumoso.
3786 4600 3891 4649 Non
3919 4598 4008 4647 ent
4036 4601 4104 4640 U·

2587 4696 2735 4746 gnum
2751 4719 2765 4743 ‚
2785 4683 3007 4745 inquam,
3028 4683 3139 4731 talia
3169 4689 3215 4732 te
3256 4682 3448 4744 videre,
3472 4687 3585 4745 Ion,
3622 4685 3706 4735 cui
3731 4686 3852 4749 ipse
3871 4684 4000 4735 etin
4016 4677 4103 4729 'du

2587 4772 2871 4834 appareant,
2892 4783 3011 4832 quas
3025 4770 3179 4832 Plato,
3206 4772 3339 4832 pater
3356 4776 3540 4832 vester,
3563 4773 3803 4836 ostendit,
3824 4769 4097 4825 mih-nt

2587 4860 2732 4909 tenue
2750 4859 3077 4922 spectaculum
3098 4858 3240 4909 nobis
3257 4858 3340 4922 qui
3364 4860 3680 4912 coecutimus.

2656 5189 2729 5236 17.
2763 5186 2943 5248 Nempe
2968 5185 3101 5235 solus
3113 5184 3252 5245 talia,
3276 5187 3509 5236 Eucrates
3527 5187 3716 5252 lnquit,
3733 5186 4105 5238 vidintur-n·

2588 5273 2733 5322 etiam
2753 5273 2832 5322 alii
2856 5273 2996 5323 multi
3011 5273 3282 5324 inciderunt
3299 5273 3351 5323 in
3369 5273 3646 5338 demones,
3668 5281 3815 5326 noctu
3833 5273 4012 5339 portin,
4029 5276 4105 5332 11·

2588 5361 2677 5412 tim
2701 5361 2939 5412 interdiu?
2973 5375 3063 5423 ego
3094 5374 3211 5412 vero
3243 5374 3343 5411 non
3366 5362 3547 5424 semel,
3572 5363 3661 5413 sed
3689 5364 3849 5414 decies
3868 5349 4105 5418 ulfini-

2588 5448 2689 5498 vidi
2712 5448 2841 5499 talia.
2906 5454 2975 5499 Ao
2997 5449 3151 5513 primo
3178 5449 3374 5514 quidem
3397 5450 3459 5500 ad
3488 5464 3547 5501 ea
3570 5451 3873 5514 perterrebar
3891 5464 3903 5498 :
3920 5449 4006 5512 jn
4023 5451 4108 5493 m

929 5544 1017 5586 τον
1045 5524 1403 5604 ἐταραττόμην
1428 5527 1556 5608 πρὸς
1575 5527 1708 5589 αὐτὰ
1724 5573 1740 5601 ,
1763 5534 1851 5589 νῦν
1874 5528 1931 5589 δὲ
1953 5530 2056 5589 ὑπὸ
2072 5535 2164 5590 τοῦ
2184 5529 2327 5598 ἔθους
2345 5529 2493 5597 οὐδέν
2592 5537 2658 5589 ob
2678 5537 3075 5590 consuetudinem
3097 5538 3382 5591 inusitatum
3408 5539 3531 5590 nibil
3561 5539 3729 5592 vidue
3747 5537 3868 5591 mihi
3893 5534 4106 5594 viduum
