4759 6600
472 735 531 809 ase

471 847 962 971 τῦμτροιγῳδίοιςλεγομένμνμμρήσει.
1004 850 1256 931 Ταῦταποίνυόλίγιι

471 940 502 999 ἔκ
518 940 634 1009 πολλῶν,
657 935 804 1009 μᾶλλονἺ
777 960 805 995 ο
799 935 939 1081 >οἰιιείρων
954 936 984 995 r3
1002 939 1101 1008 πλῆθος
1115 938 1208 1006 ἐξελὼν
1224 938 1258 997 τὰ

470 1022 738 1137 xepJ3atm3e'ssrpo·
734 1022 815 1082 κατελ
817 1022 906 1095 εξιι,
890 1022 1040 1082 :tattia-
1025 1049 1077 1092 οις
1090 1050 1118 1084 τε
1134 1050 1215 1097 ποιη
1205 1031 1257 1093 αῖς

471 1115 568 1196 ἀρεῖς
555 1112 627 1172 ἄδειν
639 1112 749 1179 καὶτοῖς
761 1114 904 1192 ὀρχησταῖς
917 1114 1004 1180 αὐτοῖς
1016 1114 1145 1173 δεικνύναι
1157 1140 1203 1174 και
1192 1116 1256 1174 σοὶ

469 1174 695 1284 προσεξευρίσκειν
723 1200 781 1258 καθ’
807 1199 950 1276 ὁμοιότητα
975 1205 1027 1260 τῶν
1051 1202 1257 1282 προειρημένων,

910 723 1065 784 itxxnt.
1094 723 1202 787 ΠΕΡΙ
1229 727 1479 790 ΟΡΧΗΣΕΩΣ.
1509 741 1597 792 62-
1607 744 1654 794 64.

1886 737 1940 814 3¹¹
1954 757 2007 798 ³⁰¹·
1998 742 2076 815 aar)

1301 861 1416 912 dicuntur
1417 864 1560 925 ,ignorabit
1594 871 1652 918 ilaec
1663 881 1738 930 paura
1747 882 1806 920 sane
1813 869 1845 920 de
1854 872 1947 934 multis,
1958 874 1992 923 rel
1999 874 2074 938 potins

1302 951 1456 1002 multitudine
1464 953 1577 1015 infinitis,
1586 955 1697 1018 decerpta
1708 962 1847 1007 enumeravi
1856 961 1984 1023 mmeipna,
1992 960 2071 1026 reliqu

1301 1044 1354 1088 tum
1362 1042 1439 1102 poetis
1445 1043 1552 1091 canenda
1564 1044 1714 1107 relinquens,
1723 1046 1793 1094 tom
1786 1047 1846 1109 ipsis
1857 1048 1996 1099 ostendenda
2007 1050 2063 1099 salta·

1302 1128 1394 1177 toribus
1401 1130 1510 1193 tibique
1517 1130 1547 1179 ad
1557 1131 1739 1183 similitudinem
1749 1134 1921 1196 praedictorum
1932 1137 2060 1199 inveniale,

1301 1229 1356 1277 quae
1375 1218 1456 1265 omnia
1472 1219 1496 1267 in
1513 1225 1624 1282 promtu,
1640 1226 1666 1269 et
1677 1220 1708 1269 ad
1727 1235 1925 1287 unamquamque
1939 1227 2055 1275 oerasim

470 1290 538 1372 ἅπερ
550 1290 655 1349 ἅπαντα
668 1288 796 1371 πρόχειρα
809 1289 853 1346 καὶ
865 1288 930 1367 πρὸς
940 1289 986 1347 τὸν
995 1290 1085 1372 καιρὸν
1098 1290 1208 1349 ἕκαστον
1219 1296 1257 1373 τῷ
1298 1302 1349 1365 jam
1359 1307 1414 1354 ante
1424 1313 1571 1369 preparata,
1583 1313 1608 1358 et
1620 1308 1644 1356 in
1653 1323 1716 1372 penu
1728 1311 1796 1373 quasi
1808 1312 1912 1375 reposita
1921 1314 2054 1365 εεοεεεθιιοιί

469 1381 587 1460 ὀρχηστῇ
600 1376 834 1459 προπεπορισμένα
846 1377 891 1434 καὶ
901 1378 1144 1457 προτεταμιευμένα
1154 1384 1256 1438 κεῖσθαι
1300 1405 1399 1442 neeesse
1410 1399 1455 1443 est.

469 1471 623 1547 ἀναγκαῖον.

511 1567 560 1618 62
584 1554 703 1616 Επεὶ
676 1580 704 1615 ο
719 1556 861 1635 μιμητικός
875 1561 929 1617 ἐστι
943 1555 988 1615 καί
1007 1555 1133 1633 κινήμασι
1149 1555 1180 1615 r3
1196 1558 1258 1616 333-

469 1667 539 1725 μενα
564 1643 683 1714 δείξειν*
674 1654 854 1755 υπισχνεῐται,
871 1650 1014 1723 ἀναγκαῖον
1037 1648 1109 1703 αὐτῶ
1130 1644 1177 1703 ὀπε
1166 1669 1195 1726 ερ
1212 1645 1257 1704 καί
1278 1637 1281 1716 3

468 1736 521 1800 τοῖς
538 1731 659 1814 ῥήτορσι,
676 1732 819 1813 σαρήνειαν
838 1735 937 1805 ἀσκεῖν,
956 1736 991 1799 ὡς
1007 1732 1116 1791 ἕκαστον
1133 1737 1184 1791 τῶν
1200 1735 1227 1791 δ
1217 1757 1257 1790 ι
1232 1751 1281 1855 γ

468 1820 627 1899 κνυμένων
618 1821 661 1880 υπ’
678 1823 758 1879 αὐτοῦ
775 1822 917 1893 δηλοῦσθαι
934 1820 1082 1898 μηδενος’
1057 1844 1152 1899 εςηγητ
1143 1827 1181 1879 ,οῦ
1196 1820 1256 1880 δεό-

469 1931 556 1987 μενον,
568 1909 626 1968 ἀλλ’
639 1908 704 1989 ὅπερ
716 1908 765 1990 ἔρη
780 1913 794 1967 3
807 1910 921 1977 Πυθικὸς
933 1909 1066 1989 χρησμὸς,
1078 1911 1118 1967 δεῖ
1129 1908 1172 1967 τὸν
1188 1908 1255 1968 θεώ-

470 2021 548 2077 μενον
569 1996 678 2078 ὀρχησιν
693 1997 738 2056 καί
757 2003 846 2079 κωροῦ
863 1997 978 2057 συνιέναι
1001 1996 1099 2075 καὶμὴ
1119 1997 1256 2065 λαλέοντος

472 2089 533 2162 (τοῦ
547 2087 691 2168 ὀρχηστοῦ)
709 2084 821 2146 ἀκούειν.

508 2183 556 2233 63.
578 2172 654 2244 Ὃδὴ
665 2172 710 2232 καί
720 2172 872 2254 Δημήτριον
882 2173 926 2232 τὸν
939 2174 1049 2234 Κυνικὸν
1058 2177 1151 2233 παθεῖν
1162 2173 1256 2251 λέγου-

468 2283 518 2319 σιν·
533 2261 590 2320 ἐπεὶ
602 2260 711 2341 γὰρκαὶ
725 2262 802 2328 αὐτὸς
813 2261 891 2340 ὅμοιοί
905 2285 945 2321 σοι
960 2261 1100 2343 κατηγόρει
1114 2267 1161 2334 τῆς
1175 2266 1257 2342 ὀρχη-

468 2352 571 2421 στικῆς,
589 2348 672 2428 λέγων
694 2355 741 2409 τοῦ
760 2352 841 2409 αὐλοῦ
856 2350 901 2409 καὶ
920 2355 971 2409 τῶν
991 2352 1120 2429 συρίγγων
1141 2350 1186 2408 καὶ
1205 2353 1256 2408 τῶν

468 2435 574 2496 κτύπων
589 2437 721 2520 πιίρεργόν
737 2462 763 2497 τι
777 2438 821 2497 τὸν
835 2438 969 2519 ὀρχηστήν
984 2430 1064 2508 εἶναι,
1081 2440 1162 2515 μηδὲν
1177 2438 1256 2496 αὐτὸν

467 2528 532 2607 πρὸς
539 2527 568 2585 τὸ
577 2528 667 2607 δρᾶμα
678 2528 864 2597 συντελοῦντα,
873 2526 1022 2602 κινούμενον
1032 2525 1058 2584 δὲ
1067 2526 1160 2604 ἄλογον
1172 2526 1258 2593 ἄλλοις

468 2617 570 2685 κίνησιν
582 2614 628 2672 καί
643 2614 765 2692 μοίταιον,
782 2614 883 2680 οὐδενὸς
898 2616 964 2693 αὐτῇ
977 2619 1022 2671 νοῦ
1037 2612 1190 2693 προσόντος,
1205 2617 1257 2672 τῶν

469 2704 491 2761 δ’
504 2701 648 2783 ἀνθρώπιον
658 2701 780 2780 τοῖςπερὶ
790 2702 819 2761 τὸ
828 2711 940 2783 πρᾶγμα
950 2701 1155 2781 γοητευομένων,
1167 2704 1258 2774 ἐσθῆτι

470 2794 573 2871 ΣηρικῖξΙ
586 2791 632 2850 καὶ
646 2790 804 2873 προσωπείῳ
819 2791 956 2871 εὐπρεπεῖ,
969 2792 1042 2870 αὐλῷ
1057 2813 1085 2847 τε
1100 2789 1145 2848 καὶ
1159 2794 1258 2869 τερετί-

469 2902 554 2957 σμασι
570 2878 615 2937 καί
635 2884 667 2959 τῇ
685 2883 737 2937 τῶν
759 2879 874 2960 ᾀδόντων
897 2878 1027 2960 εὐροινίηι,
1046 2869 1083 2944 οῖς
1101 2879 1258 2953 κοσμεῖσθαι

470 2965 551 3043 μηδὲν
561 2964 589 3025 ὀν
600 2965 630 3025 τὸ
642 2973 686 3025 τοῦ
699 2970 828 3047 ὀρχηστοῦ
840 2977 960 3047 πρᾶγμα·
974 2964 1056 3024 ὁτότε
1068 2965 1136 3024 κατὰ
1148 2965 1192 3024 τὸν
1206 2965 1258 3025 Ns'-

470 3077 540 3135 ρωνα
551 3055 695 3131 εὐδοκιμῶν
707 3052 838 3136 ὀρχηστής
847 3057 893 3113 οὐκ
904 3052 1040 3124 ἀσύνετος,
1051 3050 1085 3117 ὥς
1095 3075 1185 3134 ρασιν,
1198 3053 1257 3110 ἀλλ’

470 3145 492 3202 εἰ
510 3141 557 3201 καί
572 3166 611 3209 τις
630 3142 708 3210 ἄλλος
724 3142 750 3201 ἔν
768 3166 797 3201 τε
815 3142 930 3223 ἱστορίας
951 3141 1044 3221 μνήμη
1065 3141 1111 3200 καὶ
1130 3140 1257 3211 κινήσεως

469 3231 564 3290 κοίλλει
574 3229 711 3310 διενεγκὼν
722 3230 814 3304 ἐδεήθη
825 3237 870 3289 τοῦ
878 3230 1031 3312 Δημητρίου
1042 3229 1257 3309 εὐγνωμονεστοί·

469 3343 526 3392 την,
539 3310 627 3394 οἶμαι,
642 3317 689 3391 τήν
702 3319 799 3392 δέησιν,
812 3321 874 3378 ἰδεῖν
889 3318 1057 3399 ὀρχούμενον,
1069 3317 1159 3378 ἔπειτα
1174 3343 1259 3391 κατη-

469 3409 554 3488 γορεῖν
567 3411 659 3485 αὐτοῦ,
671 3407 715 3466 καί
728 3407 859 3488 ὑπέσχετό
868 3431 897 3485 γε
909 3407 971 3466 ἄνευ
981 3410 1063 3467 αὐλοῦ
1075 3409 1120 3466 καί
1130 3408 1258 3490 ᾀσμάτων

469 3495 646 3564 ἐπιδείξασθαι
669 3498 752 3576 αὐτῷ·
772 3495 817 3555 καί
838 3495 918 3562 οὕτως
933 3495 1062 3568 ἐποίησεν·
1077 3496 1193 3575 ήσυχίαν
1206 3495 1258 3578 γὰρ

469 3587 523 3650 τοῖς
536 3607 564 3641 τε
577 3590 705 3642 κτυποῦσι
717 3584 827 3652 καὶτοῖς
840 3587 949 3643 αὐλοῦσι
963 3583 1008 3641 καί
1026 3586 1096 3666 αὐτῷ
1109 3584 1256 3666 παραγγεί-

468 3672 517 3738 λας
530 3674 568 3752 τῷ
582 3675 656 3752 χορῷ
668 3671 744 3739 αὐτὸς
757 3675 797 3753 ἐρ’
809 3677 902 3730 ἑαυτοῦ
917 3670 1059 3752 ὠρχήσατο
1072 3671 1119 3744 τήν
1137 3673 1258 3753 Ἀφροδί·

469 3783 516 3832 της
532 3759 577 3818 καί
589 3756 686 3841 Ἄρεως
697 3760 829 3840 μοιχείαν,
843 3757 939 3820 ἽΙλιον
950 3758 1083 3836 μηνύοντα
1097 3760 1141 3818 καί
1155 3758 1259 3841 Ἥραι-

470 3870 530 3906 σιον
544 3846 745 3907 ἐπιθουλεύοντα
757 3847 802 3907 καί
811 3851 864 3914 τοῖς
875 3849 980 3924 δεσμοῖς
988 3847 1160 3929 ἅμμοτέρους,
1174 3848 1222 3920 τήν
1229 3872 1258 3906 τε

471 3936 675 4016 Ἀρροδίτηνκαί
684 3937 728 3995 τὸν
739 3933 820 4014 Ἀρη,
829 3935 1007 4013 σαγηνεύοντα
1019 3936 1064 3994 καί
1076 3934 1135 4002 τοῦς
1144 3939 1258 4017 ἕρεστῶ-

470 4023 596 4132 τμςθεούς
604 4024 713 4084 ἕκαστον
722 4028 818 4097 αὐτῶν,
826 4024 871 4083 καὶ
880 4026 1035 4102 αἰδουμένην
1047 4023 1094 4102 μὲν
1106 4024 1154 4096 τήν
1164 4026 1259 4106 Ἀρρο-

470 4111 599 4183 δίτην,ὑτ
591 4111 748 4171 οδεδοικότιι
761 4112 787 4170 33
799 4135 843 4169 και
834 4111 1042 4171 ἱκετεύοντα
1019 4136 1063 4170 τον
1074 4111 1138 4192 λρη
1152 4112 1198 4171 καλ
1209 4112 1258 4172 ὅσα

469 4221 503 4277 τη
487 4199 616 4278 ἱστορία
607 4198 707 4281 ταύιη
719 4199 800 4279 πρόσε
803 4223 868 4271 στιν,
881 4198 949 4257 ὥστε
961 4199 1004 4257 τὸν
1016 4200 1191 4311 Δημήτριονί
1181 4223 1259 4279 οπερ-

470 4257 622 4358 ηοθίντιίτ
606 4292 660 4354 τοῖς
680 4286 840 4365 γιγνομένοις
864 4293 955 4345 τοῦτον
978 4286 1084 4346 ἔπαινον
1116 4290 1259 4347 ἀποδοῦναι

472 4373 517 4432 τὸν
537 4374 659 4452 μέγιστον
678 4380 715 4433 τῶ
734 4377 896 4455 ὀρχηστή·
882 4398 926 4433 ανε
916 4374 1010 4455 ἷκροιγε
1028 4375 1138 4454 γὰρκαὶ
1154 4376 1257 4454 μεγάλη

469 4466 503 4539 τῇ
516 4467 589 4542 ρωνῇ
602 4461 786 4539 ἀνερθέγξατο,
798 4462 910 4534 Ἀκούω,
923 4464 1056 4543 ἄνθρωπε,
1069 4464 1085 4520 3
1098 4465 1194 4535 ποιεῖς,
1207 4465 1258 4544 οὐχ

470 4551 523 4629 ὁρῶ
538 4548 626 4626 μόνον,
642 4549 711 4608 ὀιλλά
727 4573 771 4627 μοι
786 4552 869 4617 δοκεῖς
881 4555 937 4617 ταῖς
949 4550 1040 4630 χερσίν
1053 4553 1143 4616 αὐταῖς
1155 4553 1257 4609 λαλεῖν.

511 4646 559 4697 64.
582 4637 660 4697 Ἐπεὶ
670 4636 697 4696 33
708 4636 777 4696 κατὰ
786 4638 829 4696 τὸν
842 4639 953 4718 Νέρωνά
964 4641 1045 4716 ἐσμεν
1055 4639 1185 4720 τῷλόγῳ,
1200 4641 1260 4718 βού-

469 4728 553 4801 λομαι
567 4725 612 4786 καί
625 4725 760 4806 βαρῦοίρου
773 4727 863 4806 ἀνδρὸς
876 4726 906 4784 τὸ
920 4725 963 4784 ἐπὶ
973 4732 1018 4785 τοῦ
1034 4729 1112 4785 αὐτοῦ
1127 4730 1257 4807 ὀρχηστοῦ

469 4815 608 4894 γενόμενον
619 4817 710 4887 εἰπεῖν,
723 4813 787 4896 ὅπερ
797 4813 918 4892 μέγιστος
929 4814 1034 4881 ἔπαινος
1047 4817 1207 4896 ὀρχηστικῆς
1216 4813 1258 4892 γε’·

470 4928 526 4964 νοιτ
526 4903 588 4963 ’ἄν’
609 4908 661 4962 τιῦν
675 4902 726 4984 γὰρ
741 4905 770 4962 ἐκ
786 4928 832 4962 του
816 4903 998 5014 Πόντομβοι
983 4903 1105 5015 οιρῦοίρωγ
1123 4903 1257 4982 βασιλικός

470 5017 508 5060 τις
532 4993 665 5073 ἄνθρωπος
688 4992 757 5051 κατοί
783 5017 808 5050 τι
831 4990 907 5072 χρέος
927 4991 998 5062 ήκων
1019 4995 1055 5058 τίς)
1077 4991 1121 5050 τὸν
1146 4991 1257 5071 Νέρωνα

470 5085 560 5141 ἕδεα-ο
573 5079 699 5158 μετόιτων
710 5080 796 5139 αλλων
809 5082 853 5140 τὸν
868 5080 1000 5161 ὀρχηστήν
1015 5078 1156 5137 ἐκεῖνον’
1128 5102 1196 5137 ουτω
1209 5104 1258 5137 σοι-

470 5175 524 5248 φῶς
533 5167 730 5249 ὀρχοῦμενον,’
717 5190 751 5235 ως
765 5169 851 5228 καίτοι
867 5169 930 5247 μὴ’
919 5167 1084 5227 επακούοντα
1098 5172 1148 5225 τιῗνι
1161 5171 1258 5248 ᾄδομε-

474 5277 578 5319 νων-
595 5255 725 5332 ήμιελλην
750 5257 802 5338 γοίρ
823 5282 861 5324 τις
881 5257 917 5315 διν
938 5256 1125 5336 ἐτύγχοινε-
1143 5258 1258 5315 συνεῖναι

471 5341 604 5401 ἁπάντων.
648 5343 701 5403 Καί
716 5343 778 5415 δή’
764 5369 848 5403 απιων
861 5345 911 5416 ήδη
927 5348 952 5412 ἐς
964 5344 1050 5438 τήν
1027 5367 1082 5402 οικε
1086 5344 1136 5415 ίαν,
1149 5368 1193 5402 του
1177 5342 1258 5404 ”ε’-Ν

473 5452 552 5509 ρωνος
566 5429 682 5507 δεξιουμε
671 5456 726 5490 νου
741 5433 817 5492 καὶο
807 5433 860 5492 ‘'rr
877 5408 1036 5512 βούλοιτο’
1010 5438 1092 5492 αιτεῖν
1109 5432 1258 5500 κελεύοντος

472 5515 519 5576 καί
536 5516 652 5576 διἰσειν“
645 5542 805 5599 υπισχνουμε
807 5544 864 5594 νου,
883 5521 971 5580 Ἰδνό
974 5519 1134 5602 ρχηστὴν,ἕ
1134 5544 1184 5601 ρη,
1200 5519 1258 5587 δοῦς

1333 1566 1372 1609 ot.
1390 1560 1590 1623 Quandoquidem
1599 1563 1824 1626 serormrtatorest,
1834 1566 2054 1619 etmotrbosseostte

1301 1660 1486 1711 surumeaqum
1496 1654 1615 1700 canuntur
1623 1654 1754 1715 promittit
1763 1668 1827 1717 opus
1836 1656 2055 1721 estdlr,qoemadnu

1301 1736 1395 1787 dumet
1408 1739 1559 1799 oratoribus,
1574 1754 1686 1790 exemere
1699 1741 1890 1803 diluciditatem,
1902 1752 1930 1794 ut
1942 1746 2056 1809 unumqmd

1300 1839 1348 1888 que
1363 1839 1461 1888 eorum,
1478 1841 1534 1889 qum
1552 1828 1714 1878 ostenduntur
1732 1831 1763 1879 ab
1780 1832 1835 1892 illo,
1854 1832 1993 1893 declaretur,
2005 1846 2057 1897 nequi

1301 1913 1430 1976 interprete
1439 1929 1501 1978 opus
1510 1916 1598 1965 babeat
1607 1931 1613 1964 ι
1622 1918 1663 1965 sed
1671 1918 1736 1980 quod
1743 1918 1806 1968 dixit
1814 1922 1941 1970 oraculum
1951 1922 2057 1984 Pptbioru,

1300 2008 1418 2064 oporteta
1429 2006 1562 2066 spectatore
1573 2006 1706 2054 saltationis
1715 2011 1740 2056 et
1753 2010 1997 2072 mutumintelligi,et
2005 2009 2057 2059 audii

1301 2091 1360 2139 nibil
1371 2091 1508 2152 loquentem
1521 2094 1669 2142 saltatorem.

1331 2183 1371 2228 ott.
1388 2179 1538 2236 Quodetiam
1546 2182 1635 2243 cprrien
1643 2183 1969 2236 Demetrioneeinissesiunt
1998 2189 2055 2244 ern

1300 2267 1364 2316 enbn
1376 2272 1400 2317 et
1413 2268 1464 2329 ipse
1473 2268 1592 2317 similibus
1601 2272 1760 2332 argumentis,
1773 2273 1865 2334 quibus
1874 2279 1914 2335 tu,
1926 2287 2056 2324 nsnsaeorsa·

1301 2359 1337 2403 ret
1348 2354 1508 2415 saltatoriam,
1519 2356 1601 2406 dicens
1613 2359 1679 2407 tibim
1691 2362 1716 2409 et
1727 2358 1865 2410 testularum
1877 2367 1902 2412 et
1910 2365 2057 2426 permotum

1301 2445 1462 2493 accessionem
1480 2459 1534 2494 esse
1552 2446 1704 2509 saltatorem,
1722 2448 1763 2511 qui
1780 2450 1841 2499 nibil
1860 2450 1912 2513 ipse
1926 2452 1955 2500 ad
1969 2452 2059 2501 sumu

1301 2530 1420 2591 conterat,
1434 2532 1476 2581 sed
1490 2537 1615 2583 moveatur
1625 2539 1730 2595 temere,
1743 2542 1810 2585 motu
1821 2538 1927 2601 quodam
1936 2537 2059 2589 uratiuuii

1301 2623 1373 2681 atque
1385 2633 1460 2678 rano,
1475 2622 1565 2685 quippe
1581 2623 1620 2671 cui
1633 2623 1769 2673 intellectus
1785 2626 1868 2675 nullus
1883 2627 1951 2687 insit,
1967 2626 2060 2677 ludarii·

1302 2706 1397 2755 interim
1410 2707 1546 2757 bominibus
1563 2723 1605 2772 per
1619 2724 1647 2758 ea
1661 2725 1717 2773 qum
1732 2712 1850 2774 adjuncta
1861 2714 1897 2764 rei
1911 2719 1977 2775 sent,
1991 2719 2057 2764 restent

1302 2794 1421 2854 Seritam,
1432 2801 1455 2843 et
1466 2809 1593 2858 porsonam
1601 2798 1739 2857 decentem,
1749 2800 1866 2851 ettiblam
1873 2808 1945 2866 atque
1952 2802 2058 2853 aritine

1302 2895 1360 2943 nes,
1377 2882 1501 2945 irritasque
1517 2886 1654 2934 canentium
1669 2900 1754 2948 voees,
1772 2888 1864 2951 quibus
1877 2891 1980 2940 exornari
1993 2889 2054 2939 ditet(
2095 2928 2096 2946 ι

1302 2983 1364 3032 opus
1380 2971 1512 3031 saltatoris,
1526 2972 1590 3035 quod
1604 2988 1644 3036 per
1660 2988 1686 3022 se
1700 2975 1760 3024 nihil
1776 2981 1842 3026 esset
1853 2992 1860 3025 :
1871 2977 1967 3028 saltator
1980 2976 2054 3041 piu·

1303 3056 1410 3118 floreret,
1427 3060 1528 3109 Neronis
1546 3062 1710 3123 temporibus,
1725 3077 1774 3112 non
1792 3065 1948 3128 imprudens,
1963 3070 1989 3115 ut
1999 3063 2052 3119 abt.

1303 3145 1346 3196 sed
1364 3146 1384 3195 si
1402 3147 1457 3209 quis
1475 3148 1536 3197 alius
1554 3153 1579 3197 et
1597 3150 1705 3199 historias
1721 3153 1837 3202 memoria
1848 3158 1874 3203 et
1889 3159 1966 3204 motus
1978 3149 2052 3203 tenti·

1302 3238 1433 3295 prmstaus,
1445 3236 1535 3298 petiita
1546 3238 1666 3287 Demetrio
1677 3252 1727 3288 rem
1737 3240 1915 3303 aequissimam,
1926 3236 2051 3306 potemini

1302 3327 1394 3372 tantem
1406 3337 1432 3373 se
1444 3324 1550 3384 rideret,
1560 3325 1646 3376 deinde
1657 3333 1782 3378 accerseret
1793 3344 1800 3378 ε
1813 3332 1980 3394 promisitque,
1989 3342 2008 3379 se
2016 3325 2051 3376 ἐν

1302 3425 1349 3473 que
1366 3411 1425 3460 tibia
1442 3416 1466 3461 et
1482 3414 1584 3463 canticis
1602 3415 1696 3478 copiam
1714 3417 1752 3465 sni
1770 3417 1901 3468 iacturum.
1932 3419 1997 3482 idque
2009 3413 2050 3465 οὐ.

1301 3501 1421 3561 imperato
1436 3501 1499 3550 enim
1516 3501 1621 3551 scabello
1639 3504 1793 3565 pulsantibus
1810 3510 1836 3555 et
1850 3507 1983 3557 inflantibus
1993 3503 2050 3562 33¹⁶,

1301 3587 1423 3648 elioroque
1435 3588 1495 3650 ipsi,
1510 3589 1619 3649 silentio,
1638 3590 1688 3653 ipse
1707 3605 1750 3654 per
1764 3606 1791 3642 se
1806 3593 1905 3644 saltarit
1919 3595 1993 3645 ureb
2003 3595 2051 3654 tlt·

1302 3677 1402 3724 'teneris
1411 3677 1570 3738 adulterium,
1582 3679 1662 3728 Solem
1672 3680 1831 3743 indicantem,
1843 3683 1986 3734 insidiantem
1992 3679 2050 3729 irim

1301 3777 1374 3825 num,
1393 3769 1417 3814 et
1433 3766 1528 3815 vincula
1542 3767 1672 3827 ambobus,
1686 3769 1774 3819 Veneri
1789 3784 1818 3820 ac
1831 3773 1917 3834 Marti,
1933 3770 2050 3834 inpacta,

1301 3854 1478 3916 astantiumque
1494 3854 1593 3903 deorum
1613 3871 1835 3920 unumquemque:
1854 3865 1880 3909 et
1900 3853 2047 3918 venereum

1302 3940 1356 3988 dem
1375 3941 1465 4003 pudore
1486 3943 1618 4004 suffusam,
1643 3945 1794 4007 aliquantum
1814 3952 1959 3999 metuentem
1974 3943 2048 3996 rerod

1302 4030 1476 4092 supplicantem
1489 4034 1602 4093 Martem,
1614 4037 1638 4082 et
1652 4046 1811 4096 quecumque
1826 4036 1907 4086 insunt
1919 4038 1942 4086 in
1952 4037 1990 4086 bae
2002 4032 2050 4094 333
2095 4098 2096 4111 ,

1302 4118 1351 4176 rin;
1363 4117 1424 4166 adeo
1433 4123 1540 4181 utsupra
1553 4120 1652 4169 modum
1661 4122 1698 4170 bis
1710 4136 1765 4184 qum
1774 4123 1860 4173 tierent
1868 4124 2050 4175 edocaturum

1302 4205 1375 4264 trius,
1388 4206 1450 4255 banc
1465 4207 1573 4257 saltatori
1589 4208 1684 4258 laudem
1701 4211 1834 4261 maximam
1852 4213 1982 4263 tribueret·
1976 4204 2048 4258 ‘0¹33
2094 4196 2096 4241 ί

1303 4294 1377 4342 ιιιιιιίι
1393 4295 1456 4343 enim
1473 4300 1498 4345 et
1510 4297 1612 4346 maxima
1624 4311 1703 4347 roos:
1716 4299 1808 4359 Audio,
1824 4301 1915 4364 inquit,
1931 4303 2002 4357 bono,
2014 4302 2050 4358 tt*

1303 4381 1374 4441 lacis,
1382 4383 1607 4435 nonsnlumvideo:
1617 4381 2050 4453 εοιιἰρείειιιθιίιικιιιίθιισΙοιιυίθθθι

1333 4674 1372 4718 ut.
1390 4671 1492 4728 erondo
1507 4686 1563 4722 rero
1574 4673 1637 4722 eirca
1648 4676 1767 4724 Neronem
1784 4680 1867 4727 nostra
1883 4668 2049 4728 mmmmm

1302 4768 1358 4815 volo
1369 4768 1455 4829 etiam,
1467 4770 1526 4831 quid
1537 4770 1638 4819 barbaro
1648 4771 1739 4819 bomini
1749 4771 1774 4820 in
1783 4773 1870 4824 eodem
1878 4774 1981 4824 satutare
1988 4763 2049 4819 ¹⁰63*

1302 4865 1334 4915 rit
1339 4879 1561 4928 ,commemorare,
1578 4882 1633 4929 qum
1647 4869 1746 4931 quidem
1763 4872 1871 4921 maxima
1889 4870 2001 4922 astutule
2011 4863 2050 4913 ιθ*

1302 4963 1354 5012 laus
1370 4962 1447 5012 luerit.
1481 4964 1546 5025 Regii
1565 4964 1657 5024 generis
1669 4966 1743 5014 lromo
1758 4966 1789 5016 de
1806 4967 1915 5018 barbaris
1928 4966 2050 5017 aarum.
2090 4996 2096 5031 t

1302 5061 1343 5122 qui
1352 5075 1402 5121 negt
1398 5061 1438 5108 otii
1449 5060 1574 5122 eujusdam
1582 5061 1619 5109 sui
1629 5075 1701 5110 eausa
1710 5062 1755 5110 nd
1751 5065 1980 5120 n‘eronemreneat,
1987 5057 2096 5122 Ψ

1237 5167 1243 5187 ι
1306 5154 1347 5202 bat
1358 5153 1474 5202 eumelus
1487 5153 1623 5203 saltatorem
1641 5155 1708 5203 illum
1723 5155 1872 5205 saltantem
1865 5162 1898 5205 tta
1913 5140 2096 5210 ιθΙοοῖόο,θι
2095 5188 2096 5206 ι

1302 5250 1357 5298 licet
1373 5263 1400 5298 eo
1416 5263 1472 5311 qum
1488 5250 1646 5299 cantabantur
1660 5264 1710 5299 non
1725 5254 1896 5314 assequeretur
1906 5249 2096 5313 (semifirw

1301 5359 1365 5394 emm
1376 5346 1443 5407 erat)
1454 5346 1619 5394 omnratnmen
1627 5346 1776 5408 mtellrgeret
1809 5349 1894 5410 ltaque
1902 5340 2055 5410 qnnrnredtffl

1299 5438 1349 5500 jam
1368 5439 1481 5499 peraret¹
1475 5453 1498 5486 m
1515 5439 1630 5501 patriam,
1644 5442 1738 5489 Nerone
1755 5439 1824 5488 iilum
1846 5433 2049 5503 complectentem*

1301 5529 1417 5593 quiequid
1431 5530 1515 5592 vellet,
1522 5532 1623 5593 iubente
1631 5537 1726 5595 petere,
1733 5531 2012 5596 atquedarepullioenta,
2018 5529 2059 5578 lb
