4759 6600
375 739 422 816 uo)
614 735 713 797 XLV.
742 733 959 796 SOMNIUM
988 751 1057 795 suu
1083 736 1275 799 GALLUS.
1303 748 1340 799 80
1355 749 1449 800 -as
1783 756 1845 821 505⁴

375 893 384 926 ν
407 866 535 949 ὐφέληται
554 863 630 924 αὐτά·
650 864 743 924 πολλοὶ
762 869 883 946 φθονοῦσι
900 863 946 923 καί
959 867 1018 924 ἐπι·
1061 875 1169 926 inrident
1179 876 1275 928 mibi-et
1285 878 1437 939 insidiantur,
1455 882 1480 928 et
1497 881 1721 945 maximebliryllus
1732 884 1772 935 hio
1787 886 1842 936 vici·

375 955 388 1012 ί
401 978 459 1033 μοι,
474 953 519 1013 καί
533 953 651 1031 μάλιστα
663 956 677 1010 δ
691 951 783 1030 γείτων
795 951 936 1018 Μίκυλλος.
1061 977 1115 1013 nus.

378 1045 420 1117 Νὴ
436 1044 500 1116 Δία,
520 1044 560 1102 σοί
573 1042 623 1124 γάρ
636 1043 723 1122 ὅμοιος
736 1042 788 1122 ἐγὼ
800 1042 845 1101 καί
859 1042 893 1101 τδι
906 1040 1018 1125 τρύὸλια
1093 1054 1157 1101 llllc.
1175 1055 1213 1101 lla
1224 1066 1263 1104 tue
1274 1057 1368 1119 Jupiter
1381 1074 1387 1108 :
1402 1060 1437 1110 tui
1448 1075 1535 1125 nempe
1547 1061 1631 1111 similis
1642 1074 1701 1124 ego,
1711 1065 1736 1111 et
1744 1062 1845 1124 patellas

375 1160 387 1202 ς
399 1135 491 1210 ἄπειμι
506 1131 583 1211 ἔχων.
1062 1137 1108 1188 sub
1119 1139 1156 1188 ala
1167 1139 1260 1190 babens
1271 1143 1339 1193 abeo.

375 1228 390 1282 ζ.
412 1220 522 1295 Σιώπα,
534 1210 557 1278 ὦ
571 1218 706 1290 Μίκυλλε,
721 1216 758 1296 μὴ
772 1216 952 1299 καταφωράσῃ
963 1239 1019 1275 πα·
1094 1230 1183 1279 catu.
1201 1231 1276 1291 tace,
1289 1233 1398 1296 bllcylle,
1411 1249 1441 1286 ne
1452 1237 1536 1287 adesse
1548 1251 1592 1287 nos
1603 1237 1774 1300 deprehendat.

375 1336 423 1378 δας.

375 1399 494 1481 Ἀριστον
513 1402 574 1475 γοῦν
593 1394 723 1475 ἄγρυπνον
741 1392 819 1452 αὐτὸν
839 1390 1021 1474 διαφυλάττειν
1095 1408 1155 1456 sibl.
1172 1407 1298 1471 optimum
1310 1410 1381 1473 igitur
1393 1410 1465 1463 luerit
1486 1416 1514 1463 ut
1525 1427 1608 1464 somno
1620 1427 1659 1463 me
1670 1414 1803 1464 abstineam
1823 1418 1848 1463 et

375 1480 825 1568 τερίεῑμιδῑαναστύςῑνκῦκλῳτδν
839 1480 932 1540 οἰκίαν·
973 1478 1021 1546 Τίς
1065 1492 1116 1556 ipse
1127 1495 1262 1545 custodiam
1272 1500 1353 1548 omnia
1366 1516 1372 1548 :
1385 1514 1484 1564 surgens
1495 1503 1625 1553 circumibo
1636 1503 1744 1552 domum.
1787 1502 1849 1562 Quis

376 1573 447 1635 ῶσέ
474 1596 518 1651 γε,
533 1562 555 1630 ό)
568 1570 715 1653 τοιχωρύχε
722 1614 817 1631 .......
833 1566 882 1629 Μδι
896 1568 949 1642 Δί’,
964 1567 1022 1627 ἐπεὶ
1065 1581 1668 1653 idolequidemtavideo‚periossorparietum...
1686 1594 1846 1652 Perlovem,

375 1687 394 1719 ιν
405 1659 556 1739 τυγχάνεις,
571 1649 600 1716 εὐ
613 1657 676 1738 ἔχει.
718 1654 867 1735 Ἀριθμνίσω
881 1646 1022 1721 αὐθιςᾶνθ-
1066 1670 1261 1735 quandoquidem
1272 1674 1592 1738 oolumnaes,benebabet.
1618 1679 1849 1729 llumeraboitemm

385 1748 502 1832 χρυσίον,
522 1746 560 1824 pl
579 1745 605 1805 τί
620 1769 654 1824 pt
673 1742 764 1826 πρῴην
786 1743 912 1803 διέλαθεν·
955 1740 1021 1803 Ἰδοὺ
1066 1758 1180 1817 ellossum
1192 1775 1363 1823 summ,num
1375 1764 1485 1828 quidne
1498 1766 1559 1815 torte
1571 1780 1646 1829 nuper
1658 1767 1726 1828 rugit.
1759 1766 1849 1816 Enite-

375 1835 454 1918 όφηκέ
472 1860 510 1902 τις
531 1835 571 1893 ἔπ’
586 1832 633 1912 ἐμὲ
648 1832 758 1907 δηλαδή·
772 1835 963 1914 πολιορκοῦμαι
977 1828 1022 1889 καί
1066 1845 1215 1910 rumaliquis
1222 1848 1348 1911 strepitum
1355 1849 1434 1911 dedit,
1445 1866 1530 1916 nempe
1540 1867 1579 1903 me
1588 1857 1673 1916 petens
1685 1868 1691 1902 :
1701 1854 1850 1903 obsidente!

378 1948 441 2001 ομαι
455 1922 521 2003 πρὸς
540 1921 672 1982 ἁπάντων.
717 1924 773 1981 Ποῦ
791 1943 836 1998 μοι
854 1920 884 1979 τὸ
901 1918 1022 2000 ξιφίδιον,
1066 1931 1201 1988 clanculum
1210 1948 1337 1998 oppugnor
1345 1938 1376 1987 ab
1385 1939 1504 1989 omuibus.
1530 1941 1577 1990 Ubi
1586 1941 1643 1990 mibi
1653 1942 1850 2005 pugioisiquem

375 2011 472 2072 τινά...
486 2009 639 2087 Θάπτωμεν
652 2002 724 2075 αὐθις
737 2008 767 2067 τὸ
779 2006 895 2090 χρυσίον.
1066 2019 1245 2082 deprehendero
1304 2026 1452 2087 sepeliamus
1460 2041 1544 2078 narsus
1555 2041 1649 2078 aarum.

376 2103 462 2159 ΛΕΚ.
485 2102 603 2157 Τοιαῦτα
618 2096 666 2175 μέν
681 2120 735 2168 σοι,
750 2086 916 2166 ἀιΜίκυλλε,
928 2091 1023 2153 τάΣί-
1098 2111 1137 2157 30.
1154 2112 1245 2160 GALL.
1262 2111 1327 2161 Talis
1339 2113 1382 2162 tibi
1394 2114 1497 2164 Simonis
1508 2116 1625 2177 conditio,
1640 2117 1743 2178 blicylle.
1776 2117 1850 2167 Abea-

379 2187 510 2263 Ἀπίωμεν
521 2184 603 2244 δὲκαὶ
614 2185 676 2266 παρ’
687 2185 765 2243 άλλον
777 2182 849 2256 τινδι,
860 2184 909 2250 ἕως
922 2181 960 2241 ἔτι
970 2181 1024 2241 δλί-
1068 2209 1122 2245 mus
1134 2208 1190 2247 vero
1201 2197 1274 2248 etiam
1287 2202 1316 2249 ad
1329 2200 1402 2250 alium
1414 2203 1547 2265 quendam,
1559 2203 1618 2253 dum
1631 2205 1762 2267 pauxillum
1773 2205 1852 2255 etlbue

375 2274 448 2341 υκτδς
461 2272 552 2332 λοιπόν
567 2275 645 2331 ἐστιν.
1016 2327 1020 2340 ,
1068 2284 1276 2349 noetissuperest.

382 2354 419 2421 Ὦ
432 2360 602 2438 κακόδαιμον,
613 2353 665 2419 οἷον
681 2364 733 2439 βιοῖ
743 2358 787 2418 τδν
804 2358 867 2438 βίον.
902 2357 1025 2440 Ἐχθροῑς
1098 2375 1162 2423 bllc.
1179 2374 1281 2424 Infelix!
1294 2376 1390 2438 qualem
1401 2377 1462 2428 vivit
1473 2379 1560 2428 vium!
1573 2380 1681 2432 inimicis
1692 2380 1726 2429 ita
1737 2378 1852 2429 divitibus

376 2451 444 2508 υτεῖν
459 2447 567 2527 γένοιτο.
610 2446 689 2509 Κατδι
703 2446 797 2529 κόρρης
811 2448 832 2506 δ’
848 2438 892 2505 οὐν
908 2445 1025 2514 πατάξας
1068 2472 1122 2510 esse
1133 2462 1393 2524 mnuagattpereussa
1403 2478 1459 2527 ergo
1471 2466 1535 2515 illius
1548 2467 1609 2516 mala
1622 2468 1677 2532 volo
1690 2467 1819 2517 discedere.

375 2538 454 2595 ελθεῖν
469 2534 606 2614 βούλομαι.

385 2623 434 2691 Τίς
448 2620 563 2690 ἐπάταξέ
574 2646 621 2700 με,
635 2619 799 2701 λῃστεύομαι
813 2624 827 2678 δ
839 2619 978 2699 δυστυχής.
1099 2628 1161 2674 stit.
1178 2626 1238 2685 Quls
1246 2640 1285 2677 me
1299 2630 1435 2691 percussit?
1448 2644 1462 2679 a
1475 2631 1607 2681 latronibus
1619 2632 1692 2681 miser
1705 2634 1789 2696 pereol

385 2711 492 2789 Οἴμωζε
507 2710 552 2768 καὶ
567 2709 719 2791 διαγρύπνει
733 2710 777 2767 καὶ
794 2707 881 2785 ὅμοιος
894 2706 982 2786 γίγνου
995 2706 1025 2765 τδ
1100 2715 1165 2763 llic.
1188 2713 1258 2764 Plora
1277 2721 1302 2765 et
1315 2716 1399 2779 vigila,
1418 2722 1443 2767 et
1461 2719 1546 2768 similis
1563 2721 1680 2781 quantum
1698 2719 1728 2768 ad
1747 2720 1852 2770 colorem

375 2803 487 2882 ῥχρυσῷ
497 2795 680 2879 προστετηκὼς
691 2800 771 2877 αὐτῷ.
812 2795 906 2873 Ἡμεῖς
915 2793 943 2853 δὲ
952 2793 1025 2876 παρὰ
1070 2815 1129 2851 auro
1147 2802 1293 2865 masnade,
1312 2804 1347 2853 illi
1372 2805 1531 2856 intabescens.
1548 2810 1597 2858 llos
1614 2821 1685 2869 vero,
1704 2808 1724 2857 si
1742 2807 1852 2869 ridetur,

382 2893 404 2947 εἰ
421 2890 492 2946 δοκεῖ
506 2886 550 2944 τδν
569 2884 705 2957 δανειστὴν
719 2885 809 2962 ἴοιμεν·
829 2886 859 2943 οὐ
876 2882 981 2964 μακρδιν
996 2882 1022 2941 δὲ
1070 2889 1100 2938 ad
1118 2891 1270 2953 Guipbonem
1283 2905 1367 2942 earnm
1384 2894 1504 2943 danistam
1523 2911 1529 2944 :
1548 2909 1595 2945 non
1614 2895 1697 2958 procul
1715 2900 1796 2945 autem
1810 2897 1850 2946 bie

384 2980 459 3036 οἰκεῖ.
502 2973 609 3055 Ἀνέῳγε
621 2974 665 3033 καὶ
679 2973 746 3045 αὐτη
757 2974 821 3049 ἡμῖν
836 2977 852 3044 ἡ
865 2970 939 3052 θύρα.
1069 2978 1141 3028 etiam
1153 2978 1252 3028 habitat.
1286 2983 1373 3042 Aperta
1384 2981 1454 3031 nobis
1465 2983 1518 3031 baee
1530 2997 1625 3046 quoque
1633 2984 1715 3045 ianua.

375 3068 467 3125 rudit.
489 3062 572 3143 Ὁρᾷς
591 3066 804 3144 ἐπαγρυπνοῦντα
823 3060 869 3119 κοιλ
888 3058 965 3117 αὐτὸν
983 3058 1025 3117 ἐπὶ
1101 3070 1138 3115 ill.
1150 3067 1466 3130 GALL.Videsrigilantem
1474 3070 1640 3133 huncquoque
1647 3071 1853 3134 praecuris,eom·

375 3179 395 3225 ν,
408 3150 623 3229 ἀναλογιζόμενον
632 3149 691 3216 τούς
705 3148 794 3216 τόκους
805 3147 850 3206 καὶ
862 3146 920 3215 τούς
931 3145 1025 3205 δακτύ-
1070 3158 1195 3217 putantem
1208 3168 1306 3215 usuras,
1320 3160 1343 3204 el
1358 3156 1438 3219 digitis
1448 3158 1498 3220 jam
1518 3158 1592 3207 aridis
1606 3158 1674 3220 tabe,
1688 3172 1760 3221 quem
1774 3160 1854 3223 paullo

389 3237 603 3312 κατεσκληκότα,
621 3236 648 3295 δν
666 3235 754 3308 δεήσει
768 3236 824 3314 μετ’
838 3234 924 3313 ὀλίγον
939 3233 1026 3293 πάντα
1071 3246 1125 3306 post
1139 3242 1273 3305 oportebit,
1287 3244 1378 3293 relictis
1396 3245 1462 3295 uisae
1479 3246 1605 3309 omuibus,
1624 3245 1724 3296 blattam
1737 3252 1780 3296 aut
1796 3248 1854 3297 culi·

375 3327 523 3388 ιταλιπόντα
538 3327 632 3409 σιλφην
647 3324 664 3397 ἢ
679 3324 777 3403 ἐμπίδα
791 3324 809 3397 ἢ
823 3323 966 3401 κυνόμυιαν
980 3347 1026 3402 γε·
1071 3344 1125 3381 cem
1138 3336 1180 3380 aul
1192 3344 1299 3381 muscam
1312 3332 1380 3383 uerit

386 3503 459 3584 Ὁρῶ
483 3501 663 3582 κακοδαίμονα
687 3501 733 3560 καί
758 3499 868 3573 ἀνόητον
893 3500 1027 3582 ἄνθρωπον
1101 3508 1167 3556 lllc.
1189 3505 1266 3558 Video
1279 3507 1393 3558 miserum
1406 3511 1431 3559 at
1448 3507 1584 3558 dementem
1597 3507 1734 3570 bominem,
1748 3521 1779 3559 ue
1791 3522 1855 3559 nunc

384 3591 451 3650 πολὺ
466 3595 512 3663 τῆς
526 3590 620 3673 σιλφης
634 3589 651 3662 ἢ
666 3590 775 3666 ἐμπίδος
790 3589 896 3667 ἄμεινον
910 3593 1026 3667 βιοῦντα.
1072 3593 1169 3655 quidem
1190 3594 1265 3643 blatta
1279 3594 1409 3645 auteulioe
1423 3595 1510 3645 melius
1527 3596 1658 3645 viventem.
1699 3599 1778 3655 Quam
1797 3610 1855 3646 vero

375 3680 405 3739 ,αλ
420 3671 492 3746 οὐτος
515 3679 651 3750 ἐκτέτηκεν
666 3678 725 3746 δλος
745 3675 796 3736 barb
815 3681 866 3735 τῶν
883 3678 1026 3754 λογισμῶν.
1071 3681 1112 3731 ltie
1125 3696 1221 3745 quoque
1234 3687 1301 3733 totus
1314 3684 1428 3747 putandis
1442 3683 1574 3733 rationibus
1587 3684 1722 3734 ooutabuitl
1736 3685 1771 3734 Ad
1782 3683 1855 3733 alium

375 3794 398 3827 nu
414 3767 542 3844 ἀπίωμεν.
1072 3770 1194 3820 niteamus.

375 3859 469 3917 ΛΕΚ.
494 3853 573 3936 Παρδι
598 3853 642 3912 τδν
664 3852 709 3912 σδν
732 3852 881 3932 Εὐκράτην,
903 3854 925 3910 εἷ
948 3853 1027 3914 δοκεῖ.
1104 3863 1142 3908 32.
1159 3861 1248 3909 caut.
1270 3859 1554 3921 aldenardensem,
1575 3860 1595 3909 si
1614 3859 1718 3910 videtur.
1757 3863 1856 3909 Eteooe

381 3943 446 4024 γάρ,
459 3942 615 4024 intorpescat
628 3940 694 4013 αὐτη
707 3946 724 4012 ἡ
738 3938 812 4022 θύρα·
827 3938 895 3999 ὥστε
907 3939 1027 4017 ἐπίωμεν.
1073 3948 1154 4010 aperta
1165 3952 1189 3996 et
1201 3945 1253 3995 baec
1264 3950 1301 3998 est
1310 3948 1392 4009 janua.
1424 3947 1588 4008 Ingrediauuur
1599 3960 1663 4008 ergo.

392 4031 485 4091 Πάντα
497 4036 580 4088 ταῦτα
597 4029 689 4109 μικρὸν
702 4028 846 4107 ἔμπροσθεν
862 4026 913 4105 {pl
928 4019 968 4099 ἦν.
1104 4037 1168 4084 bttc.
1184 4037 1255 4083 Istaec
1266 4035 1345 4083 omnia
1358 4036 1438 4099 paullo
1449 4039 1505 4084 anie
1516 4048 1570 4083 mea
1580 4037 1655 4084 erant.

375 4121 399 4179 ί.
421 4114 484 4178 Ἔτι
494 4116 544 4198 γὰρ
554 4118 585 4176 οὐ
595 4115 805 4197 ὀνειρόιττειςτδν
813 4117 939 4187 πλοῦτον,
948 4114 1030 4195 Ὁρᾷς
1103 4124 1193 4172 GALL.
1211 4123 1353 4172 Adbucnam
1365 4123 1462 4172 divitias
1474 4128 1499 4172 tu
1512 4122 1634 4172 somnias?
1646 4121 1721 4171 Vides
1730 4121 1855 4184 igiturEu·
1870 4124 1878 4137 '

375 4230 392 4263 a
412 4206 552 4285 Εὐκράτην
573 4204 651 4263 αὐτὸν
666 4203 714 4282 μὲν
728 4203 778 4262 ὐπδ
792 4209 836 4260 τοῦ
851 4203 950 4260 οἰκέτου
962 4226 1028 4284 πρε-
1073 4211 1155 4259 craten
1166 4208 1246 4272 ipsum
1257 4223 1272 4257 a
1282 4223 1326 4258 suo
1337 4223 1408 4259 servo
1462 4210 1583 4261 bominem
1595 4213 1691 4260 senem?

375 4294 508 4374 Ῐνθρωπον;

390 4382 465 4462 ‘Opb
479 4379 510 4452 νὴ
526 4379 577 4439 Δία
591 4377 809 4457 καταπυγοσύνην
821 4378 867 4437 καὶ
879 4401 1030 4457 πασχητια-
1104 4388 1170 4436 illc.
1188 4384 1280 4445 Video,
1299 4385 1332 4434 ita
1349 4399 1388 4435 ute
1399 4387 1501 4449 Jupiter,
1513 4386 1694 4448 paedioationem
1705 4392 1730 4436 et
1745 4386 1857 4436 morbum

375 4496 384 4528 ι
398 4470 444 4529 καί
457 4468 595 4547 ἀσέλγειαν
609 4471 657 4528 οὐκ
671 4466 844 4547 ἀνθρωπίνην·
858 4465 905 4538 τὴν
919 4475 1030 4545 γυναῖκα
1074 4473 1197 4536 patlricum
1208 4478 1233 4522 et
1245 4473 1366 4522 libidinem
1377 4487 1426 4522 non
1438 4473 1568 4522 bumanam
1581 4490 1588 4523 ι
1602 4488 1701 4524 uxorem
1714 4489 1772 4526 vero
1782 4475 1857 4525 altero

375 4565 394 4637 ³}
408 4557 459 4615 ὐπὸ
471 4562 517 4615 τοῦ
532 4557 658 4637 μαγείρου
673 4554 863 4634 μοιχευομένην
879 4554 924 4613 καλ
939 4554 1029 4626 αὐτήν.
1074 4561 1098 4610 in
1111 4562 1198 4624 angulo
1210 4575 1224 4610 a
1235 4575 1312 4625 eoquo
1324 4561 1440 4611 adulterio
1452 4562 1527 4624 pollui
1538 4563 1614 4626 ipsam
1626 4577 1731 4627 quoque.

375 4648 473 4706 rdEtt.
495 4644 530 4705 Τί
545 4636 603 4716 οὐν,
617 4642 712 4709 ἐθέλοις
724 4642 756 4700 διν
769 4641 814 4700 κοιλ
826 4640 925 4699 τούτων
936 4644 1032 4721 κληρο-
1106 4654 1144 4699 33.
1163 4653 1252 4700 GALL.
1268 4649 1332 4708 Quid
1354 4654 1428 4711 ergo?
1446 4651 1537 4701 velisne
1555 4653 1656 4701 istorum
1673 4665 1770 4715 ottoque
1788 4651 1857 4702 beret

375 4725 382 4792 ἰ
395 4732 529 4804 Μίκυλλε,
541 4731 587 4791 καί
598 4731 685 4789 πάντα
697 4729 766 4810 ἔχειν
782 4727 815 4787 τὰ
830 4727 993 4809 Εὐκράτους
1075 4737 1140 4799 steri,
1150 4737 1260 4799 llicylle,
1271 4742 1295 4786 et
1305 4738 1385 4787 omnia
1396 4738 1485 4788 babere
1497 4740 1620 4788 Eueratisi

388 4823 542 4896 Μηδαμῶς,
568 4809 590 4878 όν
617 4817 774 4897 ἀλεκτρυών·
790 4819 862 4897 λιμῷ
885 4815 1032 4894 ἀπολοίμην
1106 4827 1170 4874 bllc.
1189 4825 1447 4887 nequaquamgatto:
1463 4825 1856 4890 iamepriusinleream.llaleaut

377 4956 384 4969 ,
427 4904 550 4987 Χαιρέτω
567 4904 597 4964 τδ
615 4904 723 4985 χρυσίον
742 4904 787 4962 καί
807 4902 841 4961 τά
862 4905 968 4976 δεῖπνα,
988 4901 1033 4962 δύο
1076 4918 1195 4962 aurumet
1206 4913 1491 4963 eoenaelduoobolimibi
1502 4914 1599 4977 quidem
1610 4915 1766 4965 divitiaesunt
1776 4914 1856 4978 polius

375 4993 410 5052 ιοί
427 5016 457 5074 γε
471 4991 583 5059 πλοῦτός
599 4993 655 5050 ἐστι
670 4993 769 5068 μᾶλλον
783 4989 800 5062 ἦ
815 4993 1033 5071 τοιχωρυχεῖσθαι
1076 5014 1148 5063 quam
1160 4999 1181 5050 si
1193 4999 1274 5064 praeda
1283 5000 1364 5052 fierem
1375 5015 1508 5051 serrorum.

388 5083 506 5141 οἰκετῶν.

375 5174 402 5230 Κ.
426 5166 506 5226 Ἀλλὰ
518 5172 563 5225 νῦν
575 5164 622 5245 μέν
635 5165 723 5249 ἡμέρα
736 5165 786 5247 γάρ
798 5167 849 5238 ἤδη
862 5165 930 5246 ἀμφί
943 5165 973 5224 rb
986 5167 1033 5224 λο-
1108 5179 1197 5226 GALL.
1213 5176 1260 5227 Sed
1271 5190 1348 5237 nunc,
1361 5176 1413 5226 dies
1424 5177 1487 5227 enim
1496 5177 1545 5239 jam
1557 5178 1620 5227 cirea
1632 5178 1712 5241 ipsum
1725 5176 1856 5228 diluculum

376 5257 439 5328 ὐπὸ,
454 5254 574 5331 ἀπίοιμεν
589 5254 678 5314 οἴκαδε
693 5256 755 5334 παρ’
771 5259 850 5332 ἡμᾶς·
864 5252 898 5312 τά
910 5254 991 5312 λοιπά
1005 5251 1032 5312 δὲ
1077 5270 1126 5325 est,
1139 5264 1239 5314 domum
1250 5265 1281 5314 ad
1299 5277 1344 5314 nos
1361 5264 1493 5315 abeamus:
1507 5266 1597 5330 reliqua
1613 5265 1661 5316 alio
1676 5268 1796 5329 tempore,
1813 5263 1857 5317 tii

375 5346 449 5426 ὄψει,
462 5331 485 5400 ὦ
499 5341 627 5403 Μίκυλλε.
1077 5352 1152 5415 cplle,
1164 5351 1267 5402 videbis.

602 5522 685 5534 ...-
1054 5532 1059 5574 ,
1426 5526 1510 5539 ..-
