4759 6600
401 658 451 711 ιιι
758 714 762 750 2
913 668 1499 729 x.unm›m01amaor01.2r.
1861 673 1867 747 t

406 804 520 884 ἄμορφον
538 803 654 881 τηῇκαλῇ
668 822 714 858 σου
727 799 813 878 ἐκείνη
831 797 919 877 νύμφη
938 801 1064 879 uouisse
1078 801 1134 864 πῶς
1150 796 1178 856 δέ
1223 809 1276 854 tum
1285 806 1309 855 in
1321 810 1476 869 mnspaetnm
1487 806 1599 857 brmosaa
1608 808 1659 857 ina
1669 818 1767 871 sponsu
1778 807 1867 859 amirei

402 888 507 960 κάκείνη
521 887 679 967 προσήσεταί
690 910 718 945 σε
730 885 787 944 οὐδὲ
798 885 928 963 δυναμένη
938 888 1090 963 διαγνῶναι;
1101 884 1180 966 φοόή-
1224 897 1303 941 autem
1315 893 1356 941 illa
1365 892 1475 942 admittet
1484 894 1522 955 io,
1533 906 1605 956 quem
1616 894 1755 956 dignoscere
1763 899 1863 959 nequeat

402 999 475 1035 σεται
489 975 540 1055 γὰρ
555 967 583 1034 εύ
602 967 659 1034 οῖδα
672 975 717 1033 καί
729 972 849 1055 φεύξεταί
863 996 893 1032 σε
909 973 954 1031 καὶ
965 973 1051 1050 μάτην
1070 972 1116 1051 ἔσῃ
1132 996 1178 1031 το-
1221 979 1338 1041 ierretlet,
1355 984 1392 1029 sat
1408 980 1553 1044 seio,teque
1568 980 1790 1042 tugtamttrusua
1802 983 1867 1033 tami

401 1063 500 1135 σαύτην
514 1063 572 1122 ὁδὸν
590 1059 759 1134 ἀνεληλυθώς.
1222 1067 1394 1129 superosviam
1404 1068 1523 1130 relegeris.

440 1154 553 1212 ΠΕΡΣ.
566 1153 677 1222 Ούκοῖιν,
687 1138 709 1207 ὦ
720 1148 791 1229 ἀνερ,
801 1146 833 1206 σθ
847 1147 978 1208 καὶτοῦτο
990 1145 1121 1205 ίασαικαλ
1134 1143 1179 1202 τδν
1252 1164 1341 1211 Piros.
1358 1164 1470 1223 Quinto,
1482 1163 1867 1225 manumissionum

400 1237 502 1320 Ἑρμῆν
514 1238 645 1309 κέλευσον,
657 1234 762 1296 ἐπειδὰν
777 1237 803 1293 έν
817 1240 854 1317 τῷ
866 1236 932 1316 φωτί
945 1236 996 1307 ἤδη
1012 1238 1027 1293 δ
1039 1231 1178 1315 Πρωτεσί-
1223 1250 1388 1311 Mercurioque
1398 1249 1496 1309 manda,
1505 1254 1545 1312 ut,
1556 1252 1683 1312 postquam
1695 1248 1743 1297 luci
1754 1248 1859 1299 mutuus

400 1328 466 1394 λεως
479 1319 510 1405 ᾖ,
524 1324 693 1402 καθικόμενον
709 1327 780 1403 ῖντῇ
810 1322 883 1403 itio
897 1322 1000 1382 νεανίαν
1015 1314 1086 1388 αύθις
1099 1318 1179 1379 καλδν
1223 1335 1311 1397 silaus,
1322 1350 1378 1386 eum
1387 1337 1478 1399 potenti
1487 1336 1553 1399 virga
1560 1340 1699 1385 munuum
1703 1336 1867 1398 juvmmp,

401 1413 603 1492 ἀπεργάσασθαι
617 1411 705 1483 αὐτὸν,
716 1402 768 1478 οἷος
782 1435 813 1483 ην
823 1413 853 1469 ἐκ
867 1415 913 1469 τοῦ
924 1416 1035 1469 παστοῦ.
1223 1423 1363 1486 ροΙεΙιειιιυ,
1373 1425 1451 1486 qualis
1459 1428 1511 1474 orat
1521 1437 1552 1473 εκ
1564 1424 1669 1473 malama
1677 1424 1789 1487 nuptiali.

441 1503 579 1560 tilloit.
606 1498 683 1560 Ἐπεὶ
706 1498 862 1581 Φερσεφόνῃ
888 1499 1018 1570 συνδοκεῖ,
1041 1493 1179 1574 ἀναγαγὼν
1254 1513 1344 1560 PLUT.
1363 1511 1481 1569 Quoniam
1502 1512 1548 1560 boo
1566 1512 1717 1575 arsurumne
1732 1512 1866 1575 quoqnopl

400 1593 490 1647 τοῦτον
505 1582 576 1655 αὖθις
586 1586 694 1658 ποίησον
706 1585 823 1666 νυμφίον·
834 1584 866 1644 σὺ
878 1583 906 1644 δὲ
922 1583 1041 1664 μέμνησο
1055 1583 1119 1661 μίαν
1131 1585 1181 1641 λα·
1223 1597 1290 1646 ilium
1299 1597 1330 1646 ad
1340 1612 1439 1661 superos
1449 1599 1548 1660 iterum,
1558 1598 1675 1660 iteronri,
1685 1597 1791 1649 etredde
1799 1611 1867 1662 suom

402 1673 576 1755 όδινὴμίραν.
1223 1684 1867 1749 Protesilae,momineris,nniusdieiaeoepissotaoot

758 1946 816 2017 24.
1478 1964 1480 1967 ’
1588 1955 1647 2026 24.

520 2124 735 2185 ΔΙΟΓΕΝΟΥΣ
757 2124 821 2182 ΚΑΙ
843 2123 1062 2183 Martenoi.
1360 2182 1362 2185 .
1383 2128 1567 2190 DIOGENIS
1588 2131 1638 2189 ΕΤ
1657 2129 1841 2191 mousom.

444 2294 470 2344 t.
492 2285 586 2344 ΔΙΟΓ.
606 2273 643 2341 Ὦ
659 2280 737 2361 Κάρ,
750 2279 794 2339 ἐπὶ
803 2279 853 2339 τίνι
864 2278 933 2357 μέγα
945 2280 1046 2362 φρονεῖς
1057 2277 1102 2337 καὶ
1111 2276 1180 2336 ποίν-
1259 2287 1278 2330 t.
1295 2285 1382 2333 mou.
1400 2287 1436 2334 Tu
1448 2287 1502 2345 car,
1511 2285 1542 2335 ob
1553 2299 1625 2349 quam
1635 2299 1686 2336 ram
1701 2299 1815 2349 maguum
1830 2286 1866 2349 sui

401 2395 453 2430 των
467 2374 543 2448 ἡμῶν
557 2374 735 2451 emundabat
747 2367 839 2438 ἀξιοῖς
1224 2368 1319 2431 busque
1330 2371 1400 2420 nobis
1411 2373 1517 2435 praeterri
1530 2373 1653 2436 postulas?

441 2460 558 2520 ΜἈΥΣ.
581 2456 636 2517 ital
653 2457 696 2515 ἐπὶ
709 2480 742 2534 τη
759 2454 879 2536 βασιλείᾳ
898 2443 990 2531 μὲν,ιῖι
1007 2456 1141 2525 Σινωπεῦ,
1156 2451 1182 2518 ὃς
1255 2458 1347 2507 MAUS-
1364 2458 1471 2509 Primum
1481 2460 1513 2509 ob
1523 2473 1637 2522 εεςιιυοι,
1649 2461 1801 2525 Sinopensis,
1813 2466 1867 2525 atq

401 2546 560 2608 ἒόασίλευσα
579 2542 679 2625 Καρίας
694 2541 741 2618 μέν
758 2542 877 2615 ἀπάσης,
895 2535 961 2623 ἦρξα
982 2539 1069 2599 δὲκαὶ
1089 2542 1181 2601 λυδῶν
1225 2543 1269 2591 rlm
1278 2545 1867 2611 canaeuniversu,impersverimemmnyo0mm

402 2635 475 2695 ἐνίων
490 2632 535 2692 καὶ
545 2632 637 2704 νήσους
647 2631 674 2689 δέ
687 2653 759 2696 τινας
771 2628 946 2708 ὑπηγαγόμην
961 2627 1007 2687 καὶ
1019 2627 1082 2708 ἀχρι
1094 2628 1182 2700 blaini-
1224 2632 1314 2681 insulas
1324 2633 1440 2694 quasdam
1455 2635 1601 2697 subegerint,
1616 2639 1641 2685 et
1654 2636 1764 2686 Miletum
1779 2650 1866 2700 nsque*

402 2744 448 2779 του
475 2718 572 2789 ἐτέθην
590 2718 624 2777 τά
638 2716 726 2777 πολλὰ
744 2721 790 2790 τῆς
810 2715 910 2784 Ἰωνίας
932 2716 1181 2797 καταστρεφόμενος·
1224 2718 1336 2781 pleraque
1353 2720 1425 2770 ioniae
1441 2722 1587 2772 debellarim.
1620 2722 1867 2787 Deindsqulapulelu

403 2807 449 2866 κοιλ
463 2805 542 2872 καλὸς
555 2797 587 2877 ἦν
606 2803 651 2864 καλ
669 2804 749 2883 μέγας
762 2802 808 2863 καὶ
821 2806 848 2862 ἐν
861 2802 984 2881 πολέμοις
1003 2803 1132 2884 καρτερός·
1152 2802 1181 2861 τδ
1224 2819 1337 2867 maguus,
1353 2808 1463 2872 belloque
1480 2816 1600 2859 strennus.
1632 2813 1708 2871 Tum,
1725 2811 1792 2875 quod
1809 2812 1867 2861 maxi

403 2893 431 2953 δὲ
446 2892 577 2971 μέγιστον,
601 2890 640 2949 ὅτι
657 2894 683 2949 έν
702 2891 881 2970 Ἀλικαρνασῷ
902 2895 997 2968 μνῆμα
1014 2891 1182 2969 παμμέγεθες
1224 2893 1281 2955 qula
1292 2894 1450 2945 Hallmmassi
1461 2899 1643 2947 monumentum
1654 2898 1740 2960 ingeras
1752 2898 1830 2950 babeo
1840 2901 1867 2948 mi

404 2983 459 3062 ἔχω
472 2979 644 3058 ἐπικείμενον,
663 2977 753 3049 ἡλίκον
767 2980 815 3037 οὐκ
832 2977 912 3044 άλλος
933 2977 1032 3058 νεκρδς,
1047 2978 1104 3036 ἀλλ’
1123 2976 1181 3037 οὐδὲ
1225 2982 1290 3040 lum,
1301 2986 1418 3043 quonium
1430 2985 1610 3034 mortuusalius
1625 2998 1710 3047 nenio,
1723 2983 1767 3037 sed
1777 2999 1866 3049 aequa

403 3068 484 3135 οὕτως
499 3071 523 3135 ές
539 3065 635 3133 κάλλος
655 3063 841 3143 ἐξησκημένον,
859 3065 947 3124 ίππων
968 3065 1013 3124 καί
1035 3066 1134 3145 ἀνδρῶν
1155 3067 1180 3132 ές
1224 3067 1285 3116 clem
1297 3068 1496 3129 eliganlltsslfflflffl
1507 3073 1652 3135 θῐθῡῑῑίῠῦὶι
1663 3074 1867 3138 θθῦῑδῖῑῐῑθθῠθθ

403 3157 433 3216 τδ
462 3154 649 3237 ἀκριόέστατον
672 3151 835 3231 εἰκασμένων
856 3153 928 3212 λίθου
953 3158 1000 3211 τοῦ
1024 3152 1180 3225 καλλίστου,
1224 3155 1867 3226 muniatismnptmputmerumo,quuemmut

403 3236 455 3306 οῖον
469 3241 527 3305 οὐδέ
540 3242 606 3303 νεὼν
618 3240 688 3324 εύροι
701 3266 740 3310 τις
753 3240 784 3300 ἀν
801 3240 902 3324 ῥαδίως.
943 3243 983 3303 Ob
999 3242 1068 3299 δοκῶ
1087 3263 1127 3299 σοι
1139 3242 1181 3299 δι-
1225 3243 1488 3307 iacileqismrensrit.
1521 3248 1867 3314 Nontibivideorjmobista

403 3332 484 3401 καίως
498 3331 541 3391 ἐπὶ
554 3331 653 3398 τούτοις
667 3329 735 3410 μέγα
746 3331 861 3412 φρονεῖν,
1224 3331 1316 3381 eiierri?
1851 3412 1855 3417 .

444 3431 472 3480 2.
493 3422 589 3480 ΔΙΟΓ.
606 3417 673 3479 Ἐπί
686 3422 719 3496 τῇ
733 3417 854 3497 βασιλεία
864 3414 914 3497 φὴς
925 3414 970 3473 καί
983 3416 1021 3496 τῷ
1032 3413 1123 3474 κάλλει
1136 3414 1181 3474 καλ
1256 3427 1277 3472 2.
1298 3427 1382 3474 mou.
1399 3424 1559 3487 obtegnum,
1570 3424 1664 3489 inquis,
1673 3429 1699 3476 et
1709 3424 1867 3489 formamur

403 3510 442 3588 τῷ
456 3505 532 3586 βάρει
542 3509 588 3564 τοῦ
602 3505 699 3585 τάφους
1235 3515 1327 3578 pulcri?

444 3595 559 3654 ΜΑΥΣ.
582 3590 624 3664 Νὴ
638 3592 678 3652 Δί’
692 3590 736 3650 επὶ
748 3589 856 3657 τούτοις.
1255 3599 1570 3652 nausomnoouum

443 3684 540 3742 ΔΙΟΓ.
553 3680 629 3752 Ἀλλ’,
641 3668 663 3737 ὦ
676 3676 739 3737 καλὲ
754 3677 900 3748 Μαύσωλε,
912 3675 998 3747 ούτεή
1013 3675 1087 3755 ἰσχὺς
1096 3675 1181 3749 ἐκείνη
1256 3692 1340 3740 uloc.
1359 3688 1529 3746 sed,iormosa
1536 3686 1867 3751 Mausole,neque'roburffi

403 3766 442 3827 ἔτι
454 3790 495 3826 σοι
510 3765 599 3836 ούτεή
616 3764 703 3846 μορφὴ
719 3763 854 3845 πάρεστιν·
869 3766 891 3821 εἰ
902 3768 965 3841 γοῖιν
985 3785 1043 3820 τινα
1061 3761 1182 3839 ἑλοίμεθα
1224 3791 1268 3826 nee
1277 3775 1402 3825 iunuatibi
1413 3775 1487 3824 adest.
1505 3778 1584 3833 Quare
1591 3775 1613 3847 si
1624 3775 1860 3839 capiamnojudioem

403 3853 528 3926 δικαστλν
543 3851 685 3933 εὐμορφίας
697 3850 771 3930 πέρι,
792 3853 839 3910 ούκ
852 3849 906 3928 ἔχω
920 3850 1011 3921 εἰπεῖν,
1025 3848 1092 3916 τίνος
1106 3848 1181 3908 ἕνεκα
1224 3865 1320 3924 tudine,
1336 3864 1414 3911 dicere
1426 3875 1545 3924 nequeas,
1561 3875 1603 3911 cur
1615 3865 1684 3913 tuum
1695 3863 1804 3915 εαειιίιιω
1815 3870 1867 3915 anta

402 3942 432 4002 τὸ
446 3942 490 4002 σδν
503 3939 607 4020 κρανίον
616 3937 788 4020 προτιμηθείη
804 3937 836 3997 ἀν
847 3942 893 3995 τοῦ
908 3939 981 4014 ἐμοῦ*
996 3935 1120 4018 φαλακρά
1131 3937 1181 4017 γὰρ
1224 3953 1255 4000 sit
1267 3965 1320 4001 mm
1329 3967 1335 3998 :
1345 3955 1471 4011 uirumque
1478 3949 1573 3998 calvum
1584 3954 1609 3998 et
1618 3949 1726 4001 nudum:
1737 3951 1867 4016 deotmunt

403 4029 483 4111 άμφω
496 4028 542 4087 καῖ
557 4028 658 4106 γυμνά,
673 4025 789 4092 καὶτοὺς
803 4024 909 4092 ὀδόντας
926 4024 1021 4102 ὁμοίοις
1037 4025 1181 4106 προφαίνο-
1224 4038 1373 4101 prominent,
1383 4037 1458 4086 ocutis
1470 4049 1554 4085 sumus
1563 4037 1673 4099 spoliati,
1683 4040 1867 4102 naresqueaima

403 4139 450 4192 μεν
465 4115 510 4173 καλ
521 4114 579 4181 τοὺς
590 4112 738 4195 ὀφθαλμούς
750 4111 906 4194 ἀφῃρήμεθα
917 4111 962 4170 καλ
973 4111 1018 4180 τάς
1034 4114 1103 4192 ῥῖνας
1116 4116 1182 4172 ἀπο-
1225 4131 1259 4175 Do
1270 4125 1377 4188 sepulum
1386 4129 1465 4174 autem
1480 4123 1639 4187 pretiosisque
1648 4125 1700 4174 istis
1715 4125 1867 4188 heidibam}

404 4201 581 4280 οεοιμιύμεθα.
622 4198 658 4262 Ὁ
672 4200 699 4260 δὲ
713 4201 793 4283 τάφος
809 4200 854 4259 καί
875 4203 899 4257 οἱ
916 4201 1066 4267 πολυτελεῖς
1090 4203 1181 4259 ἐκεῖνοι
1224 4213 1334 4263 sensibus
1357 4214 1417 4262 ioris
1435 4210 1569 4262 conducant
1584 4212 1615 4261 ad
1630 4212 1800 4264 ostentandam
1818 4217 1867 4264 ata

403 4287 470 4348 λίθοι
483 4287 697 4369 Ἀλικαρνασεῢσι
712 4287 759 4363 μέν
779 4287 842 4354 ἴσως
857 4277 908 4344 εἷεν
923 4286 1114 4346 ἐπιδείκνυσθαι
1134 4289 1179 4347 καὶ
1224 4301 1254 4349 ad
1272 4299 1408 4363 parsgdnos
1421 4299 1573 4363 jactandum,
1590 4300 1674 4362 ingens
1691 4301 1789 4365 aliquod
1807 4300 1867 4352 nott

404 4378 595 4457 φιλοτιμεῖσθαι
612 4385 677 4457 πρὸς
695 4374 753 4442 τούς
769 4373 868 4445 ξένους,
883 4378 918 4441 ὡς
939 4374 1011 4445 δήτι
1029 4374 1097 4454 μέγα
1111 4379 1178 4434 οἰκο-
1224 4389 1313 4438 seilicet
1325 4402 1399 4450 penes
1414 4401 1458 4437 so:
1490 4393 1517 4438 tu
1533 4393 1626 4445 auum,
1638 4388 1676 4438 vir
1692 4391 1798 4452 optime,
1817 4403 1865 4440 nou

403 4462 512 4540 δόμημα
529 4464 614 4528 αὐτοῖς
629 4465 698 4535 ἔστι,
710 4461 741 4520 σύ
758 4459 799 4533 δέ,
815 4451 837 4519 ἀι
853 4459 987 4540 βέλτιστε,
1002 4464 1051 4540 οὐχ
1065 4465 1116 4541 δρῶ
1131 4461 1181 4519 ότι
1223 4476 1268 4525 tibi
1280 4481 1462 4525 monumentum
1476 4475 1564 4539 [κοείθς
1577 4475 1623 4525 nisi
1637 4475 1683 4525 boe
1694 4476 1800 4538 dixeris,
1812 4481 1836 4527 ta
1845 4492 1867 4527 m

404 4547 544 4614 ἀπολαύεις
562 4551 654 4620 αὐτοῦ,
669 4547 738 4618 πλὴν
753 4551 775 4606 εἰ
793 4547 830 4626 μὴ
851 4554 927 4606 τοῦτο
945 4547 1007 4630 φὴς,
1023 4548 1062 4606 δτι
1080 4551 1180 4625 μᾶλλον
1223 4567 1368 4625 nosgeotme
1377 4562 1472 4625 pondus
1484 4562 1555 4612 tantis
1565 4562 1685 4626 lapidibus
1695 4577 1848 4627 oppressam.

403 4639 479 4714 ἡμῶν
494 4638 646 4715 ἀχθοφορεῖς
660 4635 710 4694 iub
724 4635 885 4708 τηλικούτοις
898 4634 977 4702 λίθοις
991 4636 1149 4714 πιεζόμενος.

445 4736 471 4785 θ.
493 4725 607 4783 itata.
631 4722 753 4794 Ἀνόνητα
779 4715 824 4783 σύν
847 4746 893 4801 μοι
916 4723 1001 4782 ἐκεῖνα
1024 4724 1112 4782 πάντα
1135 4724 1181 4784 καί
1255 4743 1278 4787 3.
1296 4741 1387 4788 itatis.
1406 4739 1556 4789 lnimotuosa
1570 4738 1698 4801 luiturista
1709 4739 1867 4791 mibituerlnt

403 4809 519 4888 ἰσότιμος
532 4809 606 4869 ἔσται
621 4810 768 4878 Μαύσωλος
782 4810 827 4869 καλ
841 4810 965 4889 Διογένης
970 4835 978 4883 ;
1224 4825 1275 4886 pari
1284 4825 1374 4874 bonore
1383 4826 1517 4888 aequabitur
1526 4825 1649 4875 Mausolus
1658 4839 1687 4875 aa
1696 4825 1832 4889 Diogenem

443 4901 539 4959 ΔΙΟΓ.
562 4900 621 4957 Οὐκ
632 4897 761 4973 ἰσότιμος,
772 4888 794 4957 ιθ
805 4896 983 4976 γενναιότατε,
994 4901 1022 4957 ού
1036 4899 1096 4979 γάρ·
1108 4899 1181 4959 Μαύ·
1254 4915 1339 4961 DtoG.
1357 4915 1410 4961 iton
1428 4912 1492 4975 uari,
1513 4913 1551 4962 vir
1573 4913 1770 4975 prmsmmissima
1787 4928 1794 4962 :
1811 4915 1866 4964 Ιιεοι

403 4988 484 5052 culos
499 4982 545 5061 μέν
564 4982 614 5065 γὰρ
630 4983 769 5062 studium
784 4984 948 5062 μεμνημένος
965 4989 1016 5043 τῶν
1034 4984 1098 5065 ὑπὲρ
1113 4991 1161 5064 qq<
1170 5031 1177 5057 ε
1223 5001 1345 5049 Mausolus
1356 5001 1445 5049 etenim
1458 5000 1634 5062 lamentabitur,
1648 5000 1788 5050 reeordatus
1803 5015 1867 5051 εοτυι

403 5076 430 5133 ἰν
448 5064 485 5140 οἷς
505 5073 665 5149 εὐδαιμονεῖν
683 5071 763 5153 ᾤετο,
782 5072 905 5151 Διογένης
923 5073 950 5130 δέ
969 5072 1179 5150 καταγελάσεται
1223 5092 1284 5135 terra
1293 5091 1382 5149 praesto
1392 5087 1535 5148 iuemnt,in
1546 5087 1634 5149 quibus
1643 5087 1866 5140 ielioitatamesses

403 5163 492 5220 αὐτοῦ.
534 5159 589 5218 Kal
600 5159 680 5242 τάφον
697 5164 711 5217 δ
726 5158 773 5236 μὲν
789 5163 815 5218 ἐν
827 5159 1005 5242 Ἁλικαρνασῷ
1021 5163 1074 5241 ἐρεῖ
1087 5165 1180 5220 ἑαυτοῦ
1224 5173 1281 5222 bat:
1295 5174 1411 5235 Diogenes
1422 5177 1505 5223 contra
1518 5173 1635 5224 deridebit
1651 5175 1739 5238 ipsum.
1771 5176 1853 5242 Etille

403 5250 454 5306 ύπδ
468 5246 629 5329 Ἀρτεμισίας
640 5252 685 5319 τῆς
699 5246 819 5325 γυναικὸς
833 5247 878 5305 καί
889 5249 1000 5328 ἀδελφῆς
1017 5272 1180 5307 κατεσκευα-
1224 5265 1274 5309 tum
1293 5261 1389 5322 quidam
1406 5275 1478 5310 suum
1494 5261 1652 5311 Halicarnassi
1672 5262 1816 5312 munerabit
1833 5263 1866 5315 ab

405 5333 506 5411 σμένον,
518 5339 531 5393 δ
543 5334 665 5414 Διογένης
676 5335 703 5393 δὲ
717 5340 762 5394 τοῦ
775 5335 823 5412 μέν
836 5334 956 5413 σώματος
970 5339 993 5394 εἴ
1004 5336 1050 5395 καί
1061 5360 1118 5395 τινα
1132 5337 1180 5397 τά·
1224 5361 1300 5397 υιοισ
1311 5348 1383 5397 simul
1399 5353 1423 5398 et
1436 5362 1516 5398 sorore
1527 5352 1691 5398 oonstruotum
1704 5365 1711 5397 ι
1725 5349 1846 5411 Diogenes
1863 5367 1867 5400 ι

406 5438 452 5496 φθν
464 5419 516 5500 ἔχει
528 5427 573 5483 οὐκ
585 5415 660 5484 οἶδεν·
672 5422 729 5482 οὐδὲ
742 5421 792 5506 γάρ
805 5421 896 5501 ἔμελεν
909 5426 980 5505 αὐτῷ
992 5424 1091 5484 τούτου·
1103 5426 1178 5504 λόγον
1224 5436 1317 5499 utrsouli
1327 5436 1462 5498 septumum
1471 5435 1566 5497 aliquod
1577 5450 1607 5486 an
1616 5435 1867 5500 babeat‚osinesoius
