4759 6600
1682 748 1995 811 xxxnl.
2056 750 2273 812 ΠΕΡΙ
2323 752 2828 816 ΟΡΧΗΣΕΩΣ.
2889 768 3193 821 70-74.

3612 765 3979 862 'ohan-ansi

822 877 1086 960 ὀρχηστὰς
1133 878 1388 938 ἀπεκάλει
1427 878 1519 938 καὶ
1558 879 1644 960 ᾔει
1675 880 1763 940 ἐπὶ
1805 880 1901 953 τὴν
1939 880 2062 943 θέαν
2110 885 2284 943 αὐτῶν
2324 887 2396 952 ὥς
2481 899 2532 946 et
2550 895 2779 960 bonus,«
2800 912 2949 948 manu
2971 901 3213 963 sapientes
3248 921 3280 954 ι»,
3295 901 3500 951 vocabat
3520 903 3798 969 saltatores,
3819 904 3985 973 atqned

822 966 1041 1047 βελτίων
1084 967 1424 1050 ἀναστρέψων
1462 968 1567 1027 ἀπὸ
1605 975 1695 1029 τοῦ
1737 969 1972 1051 θεάτρου,
2053 972 2397 1054 Τιμοκράτης
2484 976 2755 1041 ὃρθῦίᾶςίὶἶὸ
2780 990 2947 1027 eorum
2981 979 3169 1039 Stabat,
3190 984 3418 1042 tanquam
3442 981 3614 1030 melior
3633 996 3664 1033 Θ
3686 984 3859 1035 theatro
3884 997 3986 1036 m

819 1054 875 1114 δὲ
899 1060 928 1115 ὁ
956 1054 1267 1125 διδάσκαλος
1295 1059 1453 1117 αὐτοῦ
1479 1056 1600 1117 ἰδών
1626 1081 1754 1117 ποτε
1785 1058 1943 1131 ἅπαξ,
1972 1062 2067 1119 οὐκ
2096 1061 2394 1135 ἐξεπίτηδες

818 1144 1061 1219 ἐπιστὰς,
1101 1146 1370 1227 ὀρχηστὴν
1417 1144 1486 1205 τὰ
1538 1150 1698 1206 αὐτοῦ
1772 1153 2052 1221 ποιοῦντα,
2101 1149 2234 1210 Οἴου
2297 1175 2393 1231 με,

817 1231 945 1315 ἔφη,
975 1233 1236 1312 θεάματος
1262 1238 1297 1307 ἦ
1338 1233 1466 1315 πρὸς
1493 1235 1799 1317 φιλοσοφίαν
1829 1234 1987 1304 αἰδὼς
2014 1238 2392 1320 ἀπεστέρηκεν.

900 1335 994 1384 70.
1040 1325 1107 1385 Εἰ
1134 1324 1179 1381 δ’
1210 1322 1350 1383 ἔστιν
1380 1324 1551 1395 ἂληθῆ
1581 1322 1615 1381 ἃ
1642 1323 1762 1404 περὶ
1788 1327 1962 1405 ψυχῆς
1990 1329 2018 1383 ὁ
2048 1326 2277 1386 Πλάτων
2304 1326 2395 1387 λε’-

816 1433 926 1489 γει,
953 1410 1022 1469 τὰ
1044 1410 1165 1493 τρία
1203 1410 1338 1492 μέρη
1378 1413 1540 1483 αὐτῆς
1566 1414 1740 1479 καλῶς
1770 1416 1798 1471 ὁ
1834 1412 2099 1493 ὀρχηστὴς
2136 1414 2392 1491 δείκνυσι,

815 1498 878 1558 τὸ
911 1499 1145 1576 θυμικὸν,
1179 1498 1305 1559 ὅταν
1342 1500 1673 1580 ὀργιζόμενον
1699 1500 2117 1574 ἐπιδεικνύηται,
2137 1502 2197 1561 τὸ
2220 1505 2392 1562 ἐπιθυ-

817 1589 1060 1664 μητικὸν,
1109 1588 1233 1648 ὅταν
1282 1590 1508 1669 ἐρῶντας
1553 1588 1925 1668 ὑποκρίνηται,
1971 1588 2032 1649 τὸ
2074 1591 2390 1671 λογιστικὸν,
2432 1613 2433 1619 ’

2172 1678 2188 1700 Ι

814 1675 940 1734 ὅταν
969 1675 1168 1737 ἕκαστα
1196 1680 1299 1737 τῶν
1337 1681 1519 1737 παθῶν
1545 1679 1908 1758 χαλιναγωγῇ·
1936 1684 2090 1738 τοῦτο
2119 1703 2216 1757 μεν
2244 1704 2304 1760 γε
2335 1683 2389 1740 ἐν

815 1762 1011 1823 ἅπαντι
1049 1764 1198 1847 με’ρει
1238 1769 1334 1837 τῆς
1369 1764 1639 1846 ὀρχήσειικς
1672 1764 1913 1847 καθάπερ
1954 1770 1988 1838 ἡ
2038 1766 2146 1849 ἁφὴ
2180 1770 2234 1827 ἐν
2275 1773 2393 1837 ταῖς

814 1852 1092 1925 αἰσθήσεσι
1114 1852 1495 1936 κατέσπαρται.
1580 1852 1823 1921 Κάλλους
1847 1853 1902 1913 δὲ
1927 1859 2162 1935 προνοῶν
2186 1855 2389 1930 καὶτῆς

816 1941 869 1999 ἐν
908 1948 1014 2008 τοῖς
1040 1940 1338 2022 ὀρχήμασιν
1378 1939 1688 2022 εὐμορφίας,
1725 1939 1780 1999 τί
1818 1939 1950 2000 ἄλλο
1975 1940 2012 2013 ἢ
2040 1941 2101 2001 τὸ
2127 1949 2219 2003 τοῦ
2248 1943 2388 2025 Ἀρι-

814 2026 1086 2098 στοτέλους
1105 2027 1446 2103 ἐπαληθεύει,
1465 2030 1527 2088 τὸ
1549 2028 1740 2096 κάλλος
1759 2031 2093 2098 ἐπαινοῦντος
2115 2029 2207 2089 καὶ
2229 2031 2385 2113 μέρος

812 2116 984 2198 τρίτον
1013 2116 1306 2197 ἡγουμένου
1341 2120 1572 2197 τάγαθοῦ
1602 2117 1695 2177 καὶ
1724 2122 1879 2177 τοῦτο
1906 2108 2065 2191 εἶναι;
2092 2118 2299 2191 ἤκουσα
2328 2118 2387 2179 δέ

812 2228 949 2274 τινος
975 2206 1067 2266 καὶ
1094 2205 1455 2290 περιττότερόν
1490 2228 1542 2265 τι
1569 2203 1962 2283 νεανιευομένου
2001 2202 2131 2287 ὑπὲρ
2159 2210 2253 2277 τῆς
2278 2210 2382 2265 τῶν

813 2298 1145 2376 ὀρχηστικῶν
1174 2293 1518 2377 προσωπείων
1549 2299 1784 2367 σιωπῆς,
1811 2290 1893 2351 ὅτι
1921 2293 2013 2352 καὶ
2039 2292 2172 2366 αὕτη
2200 2297 2384 2356 Πυθα-

811 2385 1017 2466 γορικόν
1047 2408 1099 2443 τι
1122 2382 1292 2463 δόγμα
1321 2382 1622 2441 αἰνίττεται.
2337 2390 2345 2393 “

895 2483 990 2534 71.
1034 2470 1160 2533 Ἔτι
1187 2470 1242 2530 δὲ
1271 2474 1375 2530 τῶν
1405 2470 1579 2529 ἄλλων
1610 2467 2041 2546 ἐπιτηδευμάτων
2067 2471 2172 2527 τῶν
2201 2466 2295 2546 μὲν
2323 2468 2385 2529 τὸ

811 2559 1053 2641 τερπνὸν,
1087 2563 1193 2619 τῶν
1229 2557 1373 2617 δὲτὸ
1411 2556 1677 2638 χρήσιμον
1715 2553 2138 2633 ὐπισχουμένων,
2176 2555 2310 2634 μόνη
2347 2563 2382 2630 ἡ

813 2645 1030 2725 ὄρχησις
1054 2646 1216 2729 ἄμφω
1240 2646 1368 2726 ἔχει·
1392 2645 1485 2703 καὶ
1507 2643 1641 2703 πολύ
1661 2666 1721 2721 γε
1744 2642 1805 2701 τὸ
1825 2642 2088 2724 χρήσιμον
2111 2644 2385 2726 ὠφελιμώ·
2431 2682 2432 2733 3

2468 2755 2579 2791 cum
2597 2740 2900 2805 jucunditate
2920 2741 3137 2790 at't‘ertur.
3207 2745 3401 2799 Quanto
3419 2741 3553 2791 enirn
3573 2742 3668 2792 hoc
3693 2741 3846 2791 videre
3859 2740 3969 2803 imm·

812 2756 979 2812 τερον,
999 2735 1108 2815 ὅσῳ
1124 2732 1260 2812 μετὰ
1273 2738 1362 2793 τοῦ
1382 2736 1603 2812 τερπνοῦ
1621 2730 1871 2810 γίγνεται.
1917 2729 2081 2811 Πόσῳ
2100 2729 2203 2813 γὰρ
2224 2738 2381 2809 τοῦτο

813 2822 958 2894 ἥδιον
987 2826 1113 2904 ὁρᾶν
1146 2824 1182 2895 ἢ
1207 2820 1561 2886 πυκτεύοντας
1587 2817 1883 2885 νεανίσκους
1916 2818 2007 2877 καὶ
2037 2815 2223 2896 αἵματι
2258 2822 2378 2901 ῥεο-
2430 2881 2431 2884 ,

814 2908 998 2987 μένους
1023 2910 1114 2970 καὶ
1140 2909 1464 2974 παλαίοντας
1497 2907 1684 2974 ἄλλους
1712 2909 1765 2965 ἐν
1794 2904 1960 2978 κόνει,
1985 2904 2072 2974 οὓς
2096 2911 2131 2978 ἡ
2162 2907 2381 2988 ὄρχησις

812 2997 1067 3067 πολλάκις
1112 2998 1499 3082 ἀσφαλέστερον
1555 2994 1670 3074 ἅμα
1712 2994 1805 3054 καὶ
1860 2994 2240 3076 εὐμορφότερον
2290 2995 2381 3055 καὶ

810 3087 1149 3171 τερπνότερον
1176 3086 1548 3147 ἐπιδείκνυται.
1632 3082 1749 3156 Τὴν
1784 3082 1878 3162 μὲν
1916 3073 2005 3142 οὐν
2041 3106 2101 3160 γε
2139 3081 2381 3143 σύντονον

811 3176 1015 3250 κίνησιν
1042 3182 1132 3250 τῆς
1161 3179 1481 3259 ὀρχηστικῆς
1509 3173 1600 3234 καὶ
1630 3170 1855 3255 στροφὰς
1883 3174 2042 3243 αὐτῆς
2071 3170 2163 3231 καὶ
2189 3196 2379 3253 περια-

809 3264 984 3346 γωγὰς
1020 3264 1111 3326 καὶ
1145 3266 1440 3345 πηδήματα
1472 3264 1563 3324 καὶ
1591 3258 1914 3340 ὑπτιασμοὺς
1952 3261 2059 3328 τοῖς
2087 3258 2182 3339 μὲν
2207 3259 2382 3330 ἄλλοις

809 3347 1007 3435 τερπνὰ
1035 3347 1167 3415 εἶναι
1191 3355 1523 3434 συμὸέὸηκεν
1548 3357 1735 3434 ὁρῶσι,
1758 3352 1864 3417 τοῖς
1887 3348 1943 3409 δὲ
1967 3352 2259 3430 ἐνεργοῦσιν
2285 3353 2381 3409 αὐ-

810 3452 916 3510 τοῖς
943 3444 1287 3523 ὑγιεινότατα·
1316 3441 1621 3524 γυμνασίων
1649 3439 1752 3521 γὰρ
1779 3437 1840 3497 τὸ
1864 3435 2145 3497 κάλλιστόν
2172 3461 2231 3496 τε
2262 3436 2377 3516 ἅμα

810 3530 903 3589 καὶ
926 3532 1305 3613 εὐρυθμότατον
1329 3537 1482 3591 τοῦτο
1505 3528 1664 3612 φαίην
1687 3528 1750 3587 ἂν
1775 3526 1942 3606 ἔγωγε
1971 3516 2104 3584 εἶναι
2121 3571 2136 3599 ,
2163 3526 2377 3604 μαλάτ-

809 3642 898 3678 τον
919 3619 1014 3699 μὲν
1033 3620 1093 3679 τὸ
1113 3625 1268 3699 σῶμα
1293 3621 1384 3679 καὶ
1407 3619 1650 3697 κάμπτον
1677 3616 1769 3676 καὶ
1791 3614 2031 3697 κουφίζον
2056 3614 2147 3673 καὶ
2170 3614 2379 3696 εὐχερὲς

809 3699 943 3768 εἶναι
963 3708 1093 3792 πρὸς
1115 3708 1413 3786 μεταὸολὴν
1443 3706 1684 3767 διδάσκον
1714 3704 1865 3785 ἰσχύν
1892 3726 1950 3762 τε
1973 3705 2032 3761 οὐ
2061 3701 2253 3784 μικρὰν
2277 3729 2377 3764 πε-

811 3805 1042 3879 ριποιοῦν
1075 3800 1181 3867 τοῖς
1209 3798 1439 3876 σώμασι.

891 3900 987 3949 72.
1033 3892 1160 3957 Πῶς
1193 3880 1281 3948 οὐν
1313 3890 1371 3947 οὐ
1395 3883 1750 3967 παναρμόνιόν
1783 3906 1833 3940 τι
1860 3884 2046 3962 χρῆμα
2074 3885 2109 3951 ἡ
2135 3879 2375 3961 ὄρχησις,

809 3975 1038 4054 θήγουσα
1086 3976 1180 4054 μὲν
1220 3975 1317 4048 τὴν
1345 3974 1540 4057 ψυχὴν,
1582 3974 1818 4032 ἀσκοῦσα
1860 3969 1915 4028 δὲ
1956 3967 2046 4027 καὶ
2086 3967 2145 4027 τὸ
2187 3972 2374 4047 σῶμα,

807 4065 1076 4142 τέρπουσα
1105 4063 1160 4125 δὲ
1193 4064 1311 4133 τούς
1338 4069 1591 4146 ὁρῶντας,
1619 4060 1939 4121 διδάσκουσα
1977 4055 2032 4115 δὲ
2071 4055 2242 4116 πολλὰ
2271 4061 2374 4115 τῶν

809 4154 978 4213 πάλαι
1016 4154 1102 4212 ὐπ’
1141 4156 1317 4221 αὐλοῖς
1348 4154 1439 4212 καὶ
1477 4150 1768 4230 κυμὸάλοις
1796 4147 1887 4207 καὶ
1917 4149 2090 4225 μελῶν
2120 4151 2175 4204 εὐ
2212 4146 2374 4228 υθμίᾳ

808 4240 900 4298 καὶ
929 4240 1150 4314 κηλήσει
1178 4240 1264 4301 διά
1290 4265 1347 4300 τε
1374 4243 1656 4320 ὀφθαλμῶν
1685 4238 1776 4297 καὶ
1806 4240 1998 4308 ἅκοῆς;
2027 4233 2118 4292 εἴτ’
2148 4258 2235 4293 ουν
2261 4258 2373 4315 φω-

808 4334 898 4401 νῆς
929 4330 1196 4412 εὐμοιρίαν
1221 4331 1414 4402 ζητεῖς,
1438 4335 1539 4389 ποῦ
1564 4327 1627 4388 ἂν
1661 4325 1919 4406 ἀλλαχόθι
1942 4322 2137 4403 εὕροις,
2159 4320 2194 4393 ἢ
2226 4324 2373 4382 ποῖον

807 4418 1230 4501 πολυφωνότερον
1247 4417 1533 4496 ἄκουσμαῆ
1554 4414 1963 4496 ἐμμελέστερον,
1979 4411 2080 4471 εἴτε
2097 4414 2256 4470 αὐλοῦ
2282 4412 2373 4471 καὶ

808 4506 1050 4588 σύριγγος
1085 4507 1146 4566 τὸ
1182 4505 1549 4587 λιγυρώτερον,
1581 4505 1696 4571 ἅλις
1730 4502 1821 4560 καὶ
1848 4498 2044 4559 τούτων
2076 4503 2128 4558 ἐν
2157 4498 2373 4578 ὀρχήσει

807 4594 1110 4655 ἀπολαῦσαί
1127 4618 1209 4654 σοι
1230 4594 1499 4676 πάρεστιν.
1513 4593 1623 4652 Ἔῶ
1650 4590 1817 4668 λέγειν
1841 4591 1910 4655 ὡς
1929 4585 2154 4664 ἀμείνων
2178 4587 2236 4644 τὸ
2255 4579 2374 4658 ἦθος

805 4686 1003 4762 ὁμιλῶν
1042 4690 1108 4766 τῇ
1140 4682 1354 4763 τοιαύτῃ
1385 4680 1475 4763 θέᾳ
1505 4679 1726 4760 γενήσῃ,
1757 4676 1881 4736 ὅταν
1908 4680 2031 4754 δρᾷς
2069 4675 2129 4734 τὸ
2157 4674 2372 4755 θέατρον

806 4779 990 4852 μισοῦν
1006 4773 1104 4852 μὲν
1123 4772 1191 4832 τὰ
1207 4776 1382 4840 κακῶς
1400 4768 1679 4850 γιγνόμενα
1692 4813 1708 4840 ,
1729 4767 2039 4846 ἐπιδακρῦον
2059 4761 2114 4821 δὲ
2128 4768 2235 4831 τοῖς
2255 4766 2371 4822 ἀδι-

803 4863 1089 4941 κουμένοις,
1108 4863 1198 4922 καὶ
1216 4861 1349 4930 ὅλως
1374 4860 1440 4920 τὰ
1461 4861 1562 4932 ἤθη
1591 4862 1694 4917 τῶν
1717 4854 1954 4935 δρώντων
1983 4853 2368 4931 παιδαγωγοῦν.

804 5063 894 5099 σαι
910 5085 925 5112 ,
949 5046 1102 5100 τοῦτο
1122 5042 1222 5114 ἤδη
1249 5043 1368 5122 ἐρῶ·
1390 5037 1450 5097 τὸ
1471 5035 1574 5117 γὰρ
1598 5032 1751 5114 ἰσχύν
1774 5056 1831 5091 τε
1856 5031 1968 5108 ἅμα
1992 5028 2083 5089 καὶ
2107 5029 2367 5111 ὑγρότητα

801 5132 908 5187 τῶν
951 5131 1122 5206 μελῶν
1169 5126 1491 5201 ἐπιτηδεύειν
1529 5123 1721 5203 ὁμοίως
1759 5117 2053 5201 παράδοξον
2099 5108 2234 5176 εἶναί
2278 5141 2368 5195 μοι
2452 5133 2561 5170 rum
2584 5115 2776 5168 studere
2799 5114 2877 5163 hic
2898 5112 3038 5171 licet,
3061 5123 3136 5173 oeq

803 5219 949 5276 δοκεῖ
971 5221 1041 5286 ὥς
1063 5218 1208 5285 εἴτις
1235 5220 1288 5277 ἐν
1315 5221 1391 5297 τῷ
1414 5217 1556 5295 αὐτῷ
1576 5212 1668 5272 καὶ
1691 5205 2013 5292 Ἡρακλέους
2033 5205 2094 5265 τὸ
2117 5205 2366 5287 καρτερὸν
2452 5208 2563 5272 quis
2585 5204 2754 5256 eodem
2786 5204 3031 5251 momento
3051 5196 3269 5248 Herculis
3301 5194 3468 5258 robur,

803 5306 895 5364 καὶ
922 5306 1222 5391 Ἀφροδίτης
1243 5305 1304 5365 τὸ
1331 5303 1494 5384 ἇὸρὸν
1522 5299 1759 5361 δεικνύοι.

887 5409 919 5457 7
927 5407 982 5458 4.
1027 5395 1226 5457 Ἐθέλω
1246 5394 1301 5453 δὲ
1320 5394 1423 5467 ἤδη
1441 5390 1533 5450 καὶ
1555 5387 1819 5457 ὖποδεῖξαί
1837 5409 1920 5446 σοι
1937 5388 2014 5466 τῷ
2031 5381 2172 5462 λόγῳ
2190 5382 2365 5441 ὁποῖον
2410 5426 2417 5449 ,

803 5483 908 5565 χρὴ
939 5476 1070 5544 εἶναι
1109 5485 1197 5543 τὸν
1234 5484 1444 5564 ἄριστον
1482 5477 1747 5562 ὀρχηστὴν
1785 5475 1839 5535 ἔν
1879 5497 1937 5533 τε
1965 5475 2110 5555 ψυχῇ
2139 5469 2229 5528 καὶ
2257 5467 2366 5527 σώ-

813 5596 961 5649 ματι.
1047 5571 1231 5635 Καίτοι
1269 5575 1362 5643 τῆς
1400 5568 1495 5648 μὲν
1535 5571 1707 5650 ψυχῆς
1733 5563 1980 5647 προεῖπον
2023 5558 2092 5620 τὰ
2124 5561 2365 5618 πλεῖστα·

2482 1066 2643 1102 surus.
2709 1056 3002 1125 Timocrates
3031 1062 3194 1106 autem
3226 1058 3352 1107 illius
3382 1062 3626 1123 magister,
3662 1075 3810 1126 quum
3845 1064 3990 1114 vidis&

2481 1132 2655 1192 semel,
2682 1147 2780 1182 non
2803 1134 2964 1184 dedita
2994 1148 3137 1198 opera
3164 1141 3356 1196 astans,
3388 1137 3615 1188 edentem
3642 1153 3767 1203 opus
3792 1154 3917 1192 sunm
3931 1142 3989 1191 nl·

2480 1212 2711 1271 tator-em,
2725 1212 2896 1274 Quali,
2916 1211 3066 1274 dixit,
3092 1215 3370 1276 spectaculo
3388 1216 3710 1281 philosophiae
3733 1229 3808 1268 me
3825 1232 3991 1269 vet-emn-

2478 1286 2561 1336 dia·
2581 1289 2816 1351 privavit!

2543 1372 2619 1417 70.
2652 1368 2704 1418 Si
2738 1382 2854 1419 vera
2882 1374 2995 1419 sunt
3027 1384 3139 1434 qum
3164 1370 3226 1422 de
3253 1372 3413 1422 anima
3441 1372 3561 1423 dicit
3583 1374 3751 1436 Plato,
3775 1379 3866 1427 tres
3883 1379 3993 1441 partu

2478 1455 2607 1506 illius
2624 1456 2826 1520 pulchre
2848 1458 3046 1508 saltator
3063 1460 3299 1510 ostendit:
3318 1461 3466 1524 iram,
3488 1476 3645 1526 quum
3672 1463 3780 1514 irati
3801 1477 3993 1528 persona

2477 1546 2623 1607 gerit;
2650 1546 2993 1610 cupiditatem,
3018 1561 3170 1611 quum
3202 1554 3420 1600 amantes
3451 1551 3553 1613 agit
3563 1568 3579 1613 ;
3614 1554 3869 1614 rationem,
3889 1566 3993 1617 quun

2477 1634 2749 1698 passionem
2784 1649 3177 1701 unamquamque
3203 1638 3350 1688 irenis
3381 1640 3523 1702 quasi
3556 1641 3833 1693 moderatur
3863 1657 3876 1691 z
3906 1639 3992 1705 qni

2475 1723 2671 1787 quidem
2687 1724 2735 1773 in
2751 1738 3040 1789 unaquaque
3055 1724 3324 1788 saltatione,
3339 1729 3753 1791 quemadmodum
3771 1732 3819 1780 in
3832 1729 3992 1781 sennim

2475 1816 2657 1872 tactuS,
2677 1812 3043 1863 dissemiimtum
3066 1819 3155 1864 est.
3221 1816 3574 1867 pulchritudini
3599 1832 3715 1869 vem
3736 1818 3849 1869 dum
3867 1816 3993 1883 prusti·

2472 1902 2608 1951 citet
2635 1901 2773 1952 bonae
2794 1903 2844 1951 in
2877 1901 3211 1953 saltationibus
3243 1905 3445 1967 speciei,
3471 1906 3592 1970 quid
3625 1907 3762 1957 aliud
3789 1921 3917 1972 quani
3937 1918 3989 1955 τε·

2474 2003 2582 2038 rum
2600 2004 2706 2040 esse
2724 1991 2991 2040 Aristotelis
3014 1991 3132 2040 illud
3165 1991 3493 2055 demonstrat,
3528 1995 3776 2046 laudantis
3797 1994 3990 2060 puleluin·

2471 2078 2656 2139 dinem,
2680 2081 2729 2129 et
2752 2080 2943 2129 tertiam
2967 2080 3092 2129 hanc
3106 2094 3297 2144 quoque
3326 2081 3439 2131 boni
3465 2088 3655 2145 partem
3682 2098 3789 2135 esse
3811 2083 3987 2134 dicentis?

2473 2167 2644 2216 Audivi
2660 2167 2803 2216 etiam
2824 2167 3175 2230 quiJuvenilius
3195 2168 3439 2218 lasciviret
3458 2171 3519 2219 de
3533 2184 3842 2234 personarum
3859 2171 3986 2222 atu»

2433 2267 2436 2277 ‘¹
2471 2256 2651 2305 riarum
2670 2256 2857 2306 silentio
2870 2293 2884 2318 ,
2917 2256 3109 2320 dicens,
3130 2257 3275 2307 etiam
3300 2258 3391 2308 hoc
3413 2259 3785 2322 Pythagoricum
3806 2258 3982 2324 qnod&

2470 2344 2647 2407 dogma
2671 2345 2822 2395 innui.

2532 2480 2607 2526 71.
2641 2477 2877 2525 Proeterea
2895 2488 3049 2538 quum
3068 2474 3228 2525 studia
3246 2475 3338 2524 alia
3358 2476 3534 2537 partim
3560 2477 3757 2541 quidem
3773 2473 3977 2539 jucundita-

2470 2568 2595 2625 tem,
2622 2565 2793 2627 partim
2820 2577 2933 2613 vero
2955 2564 3206 2613 utilitatem
3228 2564 3540 2626 promittant,
3566 2566 3670 2615 sola
3693 2562 3973 2627 utrumqueln

2469 2654 2549 2703 bet
2571 2653 2793 2702 saltatio:
2814 2666 2870 2702 ac
2894 2654 3026 2702 tanto
3045 2653 3153 2717 plus
3180 2652 3375 2715 prodest
3398 2652 3555 2715 ipsius
3579 2653 3784 2712 utilitas,
3803 2656 3973 2716 quatem
4037 2673 4042 2718 l

2468 2831 2608 2893 dius,
2649 2843 2795 2894 quam
2844 2831 3017 2893 pugnis
3067 2830 3416 2879 contendentes
3451 2830 3685 2893 juvenes,
3715 2834 3764 2880 et
3803 2827 3966 2890 unffi-t

2470 2920 2699 2980 fluentes,
2726 2919 3060 2981 luctantesque
3089 2919 3210 2967 alios
3239 2919 3288 2967 in
3312 2918 3541 2981 pulvere,
3561 2932 3685 2983 quos
3704 2918 3966 2976 salutiont!

2470 3009 2621 3057 tutius
2645 3007 2788 3057 simul
2813 3012 2860 3058 et
2885 3006 3140 3056 formosius
3161 3010 3476 3069 reproesentat
3492 3012 3545 3057 et
3571 3005 3838 3069 jucundius.
3883 3004 3964 3053 θω-

2423 3102 2428 3118 “
2470 3097 2643 3146 tcutior
2664 3108 2776 3157 ergo
2790 3095 2870 3144 ille
2890 3099 3051 3143 motus
3070 3093 3353 3155 saltatoriae,
3369 3098 3420 3144 et
3433 3094 3774 3145 conversiones
3794 3088 3964 3156 ipsimet

2466 3183 2928 3244 circumductiones,
2961 3188 3009 3231 et
3033 3182 3212 3242 saltus,
3236 3185 3285 3231 et
3308 3182 3576 3245 resupinati
3609 3183 3761 3233 tlexns
3787 3186 3959 3243 emptu·

2466 3273 2639 3324 ceteris
2658 3272 2870 3337 jucunda
2894 3271 2999 3322 visu
3021 3269 3273 3332 accidunt;
3298 3270 3418 3335 ipsis
3437 3284 3557 3322 vero
3575 3270 3865 3323 efficientibus
3879 3263 3961 3315 nh·

2468 3363 2691 3413 bei-rima.
2755 3361 3163 3412 Exercitationem
3199 3360 3379 3424 quippe
3415 3360 3634 3409 omnium
3667 3355 3959 3423 pulcherrim-

2465 3453 2610 3503 simul
2634 3452 2757 3501 hanc
2778 3454 2827 3500 et
2859 3449 3068 3499 maxime
3097 3448 3381 3498 concinnam
3406 3461 3515 3498 esse
3551 3448 3772 3512 equidem
3800 3441 3958 3496 dizuh,

2464 3555 2575 3606 qum
2590 3540 2780 3602 subigat
2792 3551 2985 3602 corpuS,
3002 3542 3050 3587 et
3069 3536 3249 3597 flectat,
3264 3540 3313 3586 et
3325 3536 3485 3586 levius
3499 3535 3688 3597 reddat,
3705 3540 3754 3585 et
3766 3533 3957 3585 εἱσι-Π

2464 3629 2782 3680 mutationem
2805 3626 3083 3690 expeditum
3107 3637 3215 3675 esse
3234 3624 3429 3685 doceat,
3453 3625 3700 3688 roburque
3715 3636 3804 3674 non
3821 3620 3957 3685 pott-

2462 3719 2682 3768 conciliet
2701 3715 2994 3780 certioribus.

2525 3883 2603 3929 72.
2639 3875 2819 3935 Quidni
2833 3888 2944 3937 ergo
2961 3886 3040 3923 res
3057 3872 3269 3935 undique
3282 3871 3577 3922 conveniens
3590 3871 3799 3929 saltatio,
3809 3864 3956 3917 aab*

2460 3979 2664 4028 acuenS,
2686 3977 2913 4015 exercens
2936 3975 3134 4024 corpus,
3154 3960 3401 4010 oblectans
3423 3958 3675 4020 videntes,
3694 3957 3954 4017 multaque*

2459 4058 2596 4119 tiqua
2617 4055 2823 4116 docenS,
2846 4054 2971 4103 inter
2995 4051 3136 4101 tibias
3150 4088 3163 4111 ,
3187 4051 3238 4099 et
3262 4048 3515 4111 cymbala,
3537 4053 3586 4098 et
3609 4048 3869 4098 cantieorum
3883 4044 3953 4088 U·

2460 4145 2737 4195 cinnitatem
2775 4141 2942 4191 oculos
2981 4152 3219 4201 auresque
3260 4137 3575 4187 demulcens?
3635 4137 3687 4187 Si
3723 4135 3845 4198 igitur
3872 4118 3954 4176 Μ

2460 4233 2801 4298 perfectionem
2825 4228 3030 4293 quaeris,
3054 4208 3144 4275 ubi
3161 4226 3280 4275 alias
3316 4225 3537 4274 invenias
3551 4229 3573 4274 ?
3590 4230 3678 4275 aut
3699 4212 3950 4285 quemuis!

2459 4336 2631 4372 vocum
2667 4320 2879 4385 plurium
2916 4316 3375 4377 modulatioremqne
3412 4316 3734 4363 concentum?
3766 4310 3849 4360 sire
3871 4296 3952 4351 θ’*

2459 4411 2730 4473 fistulaeque
2745 4407 3006 4470 argutiores
3026 4417 3169 4454 sonos
3182 4439 3196 4465 ,
3218 4403 3337 4452 satis
3356 4402 3503 4452 etiam
3517 4400 3594 4451 his
3611 4401 3701 4451 t'rui
3715 4401 3762 4449 in
3776 4391 3950 4447 saluti!

2459 4501 2543 4550 tibi
2569 4500 2726 4549 datur.
2793 4496 2974 4546 Omitto
2997 4493 3155 4543 dicere
3168 4528 3181 4552 ,
3205 4496 3252 4541 te
3272 4483 3521 4540 meliorem
3541 4490 3686 4540 etiam
3703 4483 3816 4552 qnod
3832 4478 3947 4531 ΙΙΙ*

2458 4603 2533 4640 res
2565 4588 2808 4645 futurum,
2841 4583 2927 4633 tali
2963 4582 3010 4630 in
3042 4579 3319 4644 spectaculo
3347 4579 3390 4629 si
3413 4577 3648 4640 verseris,
3681 4586 3817 4640 quum
3840 4563 3947 4617 W

2456 4679 2695 4728 theatrum
2718 4675 2877 4724 odisse
2898 4684 3009 4734 qum
3029 4670 3152 4719 male
3171 4669 3294 4718 fiunt
3307 4703 3321 4727 ,
3351 4667 3638 4717 illacrimare
3656 4666 3803 4716 antem
3824 4641 3942 4752 lib-‘¹

2456 4766 2794 4830 opprimuntur
2821 4759 3017 4821 injuria,
3043 4762 3093 4807 et
3126 4757 3175 4806 in
3208 4756 3495 4806 universum
3527 4766 3688 4805 mores
3713 4742 3943 4816 W

2456 4868 2633 4917 regere.

886 4964 981 5013 73.
1023 4951 1100 5013 Ὃ
1124 4950 1180 5012 δέ
1206 4954 1316 5023 ἐστι
1343 4949 1574 5029 μάλιστα
1605 4945 1692 5004 ἐπὶ
1720 4947 1824 5003 τῶν
1852 4944 2127 5023 ὀρχηστῶν
2154 4941 2369 5000 ἐπαινέ-
2411 4900 2421 4978 Ι
2517 4948 2595 4995 73.
2632 4939 2772 4999 Quod
2793 4941 2953 4987 autem
2974 4934 3185 4983 maxime
3206 4933 3256 4982 in
3279 4931 3593 4982 saltatoribus
3616 4912 3929 4980 nudandum*

2454 5031 2572 5083 illud
2593 5030 2691 5091 iam
2716 5027 2886 5076 dicam.
2951 5021 3095 5081 Quod
3117 5019 3277 5070 robori
3290 5018 3439 5070 simul
3459 5025 3512 5068 et
3530 5002 3942 5090 mobilitatimefl'f

3138 5122 3200 5159 ue
3223 5106 3511 5157 admirabile
3532 5106 3654 5156 mihi
3677 5103 3855 5155 videtur.
3871 5092 3942 5142 θ’*

3489 5198 3539 5246 ει
3569 5193 3790 5244 auiam
3811 5170 3946 5235 raab

2453 5300 2613 5348 motus
2632 5290 2870 5342 ostendat.

2515 5388 2592 5437 74.
2628 5381 2751 5430 Volo
2766 5379 2864 5440 iam
2880 5374 2998 5426 illud
3012 5386 3209 5438 quoque
3220 5372 3438 5422 oratione
3455 5371 3540 5422 tibi
3557 5369 3806 5426 declam,
3819 5354 3952 5426 mik·

2451 5487 2559 5524 esse
2580 5469 2816 5535 optimum
2836 5465 3109 5516 saltatorem
3130 5462 3292 5512 anima
3316 5460 3498 5524 pariter
3512 5465 3561 5511 et
3578 5469 3769 5523 eonion
3782 5442 3956 5517 quid·

2452 5566 2741 5623 Quanquam
2776 5554 2948 5606 animm
2986 5551 3213 5616 pleraque
3237 5549 3343 5612 jam
3374 5547 3475 5600 dixi
3518 5563 3534 5598 ε
3567 5558 3685 5599 nam
3713 5542 3760 5596 d
3787 5526 3960 5593 ml*
