4759 6600
454 722 511 776 οεο
919 709 998 769 nni.
1026 708 1129 770 nuni
1156 708 1242 768 'non
1269 706 1416 767 onnon.
1446 716 1595 768 18—20.
1881 707 2049 787 pumat

453 841 581 923 ἐπεγείρει
598 840 705 908 όκαλδς
720 831 788 907 οἶκος
802 840 846 899 τὸν
860 839 968 916 λέγοντα
982 839 1027 898 καί
1041 840 1232 920 προθυμότερον
1275 844 1352 893 taria
1368 844 1468 907 puioinro
1483 857 1536 905 oeoo
1547 843 1670 893 dioentun
1686 847 1714 894 et
1731 844 1884 897 εθιαείαειιι
1903 847 1982 910 reddi,
1995 849 2052 908 11,

450 928 656 1013 παρασκευάζει,
667 927 725 1005 ἐμοὶ
737 928 807 986 δοκεῖ
819 926 849 985 τὸ
862 927 977 986 ἐναντίον
989 929 1080 986 ποιεῖν·
1093 927 1233 998 ἐκπλήττει
1278 945 1332 981 moa
1346 931 1444 994 quidem
1456 932 1588 993 aenoentia,
1605 931 1633 981 nt
1647 932 1809 983 oonwium
1827 949 1835 982 ι
1856 936 1965 998 pandus
1976 937 2053 989 ὼε

450 1016 500 1099 γθιρ
511 1016 557 1076 καὶ
570 1015 646 1097 φοόεῖ
660 1015 706 1074 καί
718 1015 762 1074 τδν
773 1014 898 1094 λογισμόν
911 1014 1078 1095 διαταράττει
1091 1015 1137 1073 καί
1149 1014 1232 1073 δειλό·
1279 1022 1351 1070 terret
1359 1056 1367 1081 ,
1375 1020 1574 1082 eioogitatiooem
1582 1019 1721 1083 perturbat,
1733 1020 1851 1084 tamtam
1857 1023 2054 1085 tirmdiumh

449 1128 522 1186 τερον
542 1102 679 1185 ἐργάζεται
697 1102 886 1180 ἐνθυμούμενον
904 1105 939 1170 u<
954 1102 1077 1161 ἁπάντων
1098 1101 1167 1162 ἐστίν
1191 1100 1234 1159 ai·
1276 1108 1366 1169 cogitat
1376 1109 1484 1157 omnium
1492 1108 1736 1171 turpissimumesse,
1751 1109 2055 1162 aiinIoooimmosoffln

450 1215 556 1272 σχιστυν
578 1194 605 1251 ἐν
614 1190 736 1273 εὐμόρφῳ
749 1190 840 1271 χωρίω
854 1189 891 1266 μὴ
906 1188 1008 1266 ὁμοίους
1027 1188 1162 1270 φαίνεσθαι
1175 1186 1234 1255 τοθς
1280 1208 1328 1245 non
1345 1195 1431 1245 similis
1450 1195 1473 1245 ei
1489 1194 1601 1245 videatur
1617 1195 1707 1245 oratio.
1743 1196 1789 1248 sie
1805 1198 1876 1247 ετάιιι
1892 1199 2057 1250 mm

448 1278 549 1357 λόγους.
591 1277 728 1357 Ἐλέγχων
744 1276 795 1357 γδιρ
809 1250 882 1344 οθτός
897 1300 927 1355 γε
942 1280 956 1333 ό
970 1275 1165 1357 φανερώτατος,
1179 1274 1233 1335 dn·
1279 1283 1366 1347 aliquus
1383 1281 1589 1346 deprehendatur,
1606 1283 1676 1334 ιοΙυῑ
1694 1284 1717 1333 si
1737 1285 1803 1348 quis
1820 1286 1901 1336 armis
1922 1285 2056 1350 indutu*

447 1390 497 1447 περ
521 1365 553 1426 θν
572 1366 596 1425 εί
608 1390 646 1433 τις
666 1364 813 1425 πανοπλίαν
834 1363 918 1435 καλὴν
942 1362 1014 1430 ἐνδὺς
1033 1363 1124 1422 ίπειτα
1145 1362 1235 1445 φεύγοι
1279 1371 1403 1420 unanimis
1418 1370 1504 1420 deinde
1521 1370 1597 1433 rapat
1614 1375 1672 1421 anto
1693 1371 1774 1435 alios,
1796 1374 1872 1435 ouius
1891 1387 1977 1437 nupt
1993 1375 2059 1438 hri

448 1454 500 1535 πρδ
524 1459 576 1513 τῶν
600 1453 699 1530 ἄλλων,
722 1450 910 1533 ἐπισημότερος
934 1451 970 1510 ὢν
995 1451 1078 1519 δειλὸς
1103 1450 1156 1510 ἀπὸ
1182 1456 1233 1509 τῶν
1278 1458 1339 1521 ipsis
1346 1458 1378 1506 ab
1388 1458 1462 1507 armis
1475 1458 1515 1507 tint
1524 1457 1638 1521 apertior.
1672 1460 1728 1509 Eoo
1737 1460 1829 1522 ipsum
1840 1460 2058 1524 purpurium-

448 1540 546 1603 όπλων.
588 1545 674 1602 Τοῦτο
698 1540 726 1599 δέ
745 1564 790 1617 μοι
810 1541 880 1599 δοκεῖ
899 1538 1068 1617 λογισάμενος
1088 1538 1134 1599 καί
1152 1543 1167 1599 δ
1190 1544 1235 1598 τοῦ
1279 1546 1342 1596 ricus
1363 1545 1402 1595 ilie
1419 1547 1500 1595 orator
1515 1545 1575 1595 mihi
1593 1545 1693 1597 ridetur
1714 1548 1853 1597 minimam
1869 1562 1956 1599 oium
1971 1550 2056 1600 ndu

449 1627 571 1710 Ὁμήρου
580 1629 666 1711 ῥήτωρ
677 1630 772 1696 ἐκεῖνος
783 1626 924 1708 εὐμορφίας
935 1626 1074 1707 ἐλάχιστον
1086 1626 1235 1708 φροντίσαι,
1279 1632 1479 1695 pulchritudinis3
1490 1633 1540 1682 imo
1549 1633 1631 1696 potins
1638 1632 1758 1697 imponito
1765 1635 1886 1686 omnium
1895 1636 2057 1687 horim

450 1717 551 1794 μᾶλλον
561 1715 589 1775 di
601 1716 646 1775 καῖ
656 1718 791 1782 παντελῶς
804 1714 962 1796 ἀίδρεῖφωτλ
974 1715 1066 1774 ἐαυτὸν
1078 1714 1235 1786 ἀπεικάσαι,
1280 1720 1388 1780 ιιιὶΙεεεο,
1401 1725 1427 1769 ut
1438 1720 1514 1783 ipsius
1530 1720 1685 1784 pniduitndo
1700 1722 1830 1773 orationis
1846 1724 2058 1776 tantoffl

449 1802 493 1861 ἵνα
503 1805 575 1883 αὐτῷ
586 1802 792 1884 παραδοξότερον
802 1803 926 1885 φαίνηται
937 1806 989 1861 τιῦν
1000 1802 1085 1881 λόγων
1095 1802 1126 1861 τδ
1139 1801 1236 1867 κάλλος
1279 1821 1310 1857 ox
1319 1808 1370 1871 ipsa
1379 1807 1410 1857 ad
1419 1808 1484 1858 illam
1494 1807 1673 1858 deformitatem
1681 1810 2007 1876 comparationem
2019 1812 2058 1863 ib

450 1893 481 1950 ἐκ
498 1895 544 1963 τῆς
564 1891 629 1972 πρὸς
642 1891 672 1950 τὸ
696 1890 872 1973 ἀμορφότερον
897 1889 1045 1959 ἐξετάσεως.
1087 1889 1188 1956 Ἄλλως
1208 1912 1236 1947 τε
1279 1894 1647 1959 quineoessarioptanediemtis
1658 1895 1741 1959 ipsius
1750 1898 1857 1949 animus
1867 1901 2059 1965 oosnpumr'n?

450 1977 552 2057 ἀνάγκη
575 1987 650 2037 πᾶσα
668 1977 714 2037 καί
736 1978 784 2051 τὴν
811 1985 856 2038 τοῦ
877 1978 995 2058 λέγοντος
1017 1979 1097 2037 αὐτοῦ
1121 1976 1237 2036 διάνοιαν
1279 1983 1387 2045 etaeuio,
1398 1987 1424 2032 et
1435 1982 1578 2046 exquisitam
1594 1982 1660 2032 iiiam
1673 1996 1765 2034 aarum
1781 1987 1905 2048 remittit,
1921 2000 1993 2052 φιι
2004 1988 2058 2037 εΗ

451 2067 693 2148 &quintodecimi
707 2064 754 2138 τὴν
770 2067 830 2125 θέαν
848 2066 893 2125 καί
904 2071 950 2139 τῆς
967 2065 1100 2149 φροντίδος
1113 2064 1143 2124 τὸ
1157 2068 1236 2146 ἀκρι-
1280 2069 1333 2134 ipsa
1347 2070 1439 2133 species
1450 2070 1516 2120 etad
1533 2083 1561 2120 se
1578 2075 1664 2132 τουσι,
1675 2076 1756 2135 atque
1768 2073 2058 2126 attendoeoadoeffl
2098 2089 2101 2112 ¹

452 2150 496 2221 όῖς
515 2153 616 2213 ἐκλύειν
635 2159 681 2226 τῆς
694 2154 777 2236 ὄψεως
795 2155 986 2236 ἐπικρατούσης
1008 2154 1054 2214 καί
1077 2153 1142 2233 πρδς
1155 2151 1238 2225 αύτλν
1281 2171 1330 2208 noo
1353 2158 1425 2208 sinat.
1459 2157 1586 2216 Quomodo
1608 2172 1668 2221 erpo
1690 2159 1747 2211 fieri
1766 2166 1855 2225 potest
1879 2167 1908 2213 ut
1927 2176 1975 2214 u
1989 2163 2059 2214 ω’

451 2240 582 2314 καλούσης
600 2242 696 2324 καὶτῷ
713 2242 783 2325 λόγῳ
800 2242 940 2325 προσάγειν
952 2245 1000 2302 οθκ
1020 2242 1111 2315 ἐώσης.
1152 2238 1238 2301 Ὥστε
1282 2245 1349 2295 dicat
1367 2245 1487 2306 deterius,
1502 2250 1620 2310 occupato
1634 2246 1810 2299 &malandeins
1825 2263 1930 2315 m,
1942 2264 1995 2316 μ
2005 2249 2061 2300 uh
2099 2293 2101 2310 ,

452 2330 490 2397 τίς
512 2329 619 2411 μηχανὴ
641 2329 679 2408 μὴ
697 2330 757 2411 οὐχί
776 2332 881 2399 πάντως
898 2330 1005 2390 ἔλαττον
1021 2331 1088 2411 ἐρεῖν
1103 2328 1181 2388 αὐτὸν
1192 2334 1239 2401 τῆς
1283 2333 1441 2396 turmulam?

452 2421 538 2500 ψυχῆς
553 2418 736 2502 διατριύυύσης
751 2418 811 2501 περί
822 2419 866 2478 τὸν
875 2423 927 2478 τῶν
939 2417 1077 2501 ὁρωμένων
1092 2416 1214 2488 ἐπαινον;

495 2516 541 2568 18.
563 2507 621 2569 ’Eu
634 2506 685 2590 γάρ
704 2507 789 2587 λέγειν
808 2487 849 2565 ότι
862 2506 908 2566 καί
926 2510 950 2565 oi
963 2504 1090 2587 παρόντες
1104 2504 1178 2563 αὐτοὶ
1193 2502 1239 2563 καθ
1317 2517 1354 2562 is.
1373 2508 1553 2562 Omittodiome
1572 2510 1638 2573 quod
1650 2512 1700 2574 ipsi
1712 2514 1794 2563 etiam
1807 2520 1945 2577 prmius
1961 2514 2020 2565 etsi
2031 2526 2063 2563 Ι-

453 2618 475 2653 π
528 2594 577 2667 τὴν
589 2595 714 2677 ἀκρόασιν
729 2595 939 2677 παρειλημμένοι
956 2592 1060 2654 ἐπειδάν
1075 2597 1111 2659 είς
1124 2594 1240 2652 τοιοῦτον
1284 2600 1400 2651 diendum
1411 2600 1529 2662 manmti,
1547 2612 1625 2662 quum
1637 2601 1733 2650 intrant
1750 2601 1779 2651 in
1795 2604 1873 2653 utun
1890 2607 2061 2667 masmim

454 2707 469 2743 ο
511 2682 713 2764 νπαρέλθωσιη
727 2683 785 2742 ἀντὶ
799 2686 934 2765 ἀκροατῶν
952 2681 1043 2742 θεαταί
1057 2679 1241 2753 καθίστανται,
1285 2690 1423 2740 toressnunt
1437 2702 1481 2752 pm
1497 2687 1663 2749 auditoribns;
1677 2702 1763 2752 neque
1782 2691 1921 2755 qnisquam
1938 2692 1971 2743 ita
1987 2691 2064 2742 vrih-
2100 2693 2101 2704 ¹

455 2770 501 2830 καί
515 2772 565 2850 οὐχ
578 2770 646 2830 οθτω
659 2770 811 2848 Δημόδοκος
822 2769 840 2842 ἢ
851 2769 958 2848 Φήμιος
976 2768 994 2840 ἢ
1009 2768 1130 2848 Θάμυρις
1141 2765 1158 2836 ἦ
1174 2767 1240 2844 Ἀμ·
1288 2776 1406 2827 modocua
1416 2779 1467 2839 est,
1479 2777 1518 2827 rot
1528 2776 1644 2827 Phemius
1656 2778 1682 2826 in
1697 2778 1825 2841 moendo,
1843 2782 1886 2832 vd
1898 2781 2028 2845 πηγὴ,
2037 2778 2065 2828 ιθ

457 2856 523 2939 φίων
536 2856 553 2929 ἢ
566 2857 676 2939 Ὀρφεύς
689 2882 728 2924 τις
749 2856 833 2936 λέγων
849 2855 920 2915 ἐστίν
933 2855 1003 2915 ώστε
1022 2854 1178 2914 ἀποσπάσαι
1193 2854 1242 2925 τὴν
1289 2866 1423 2929 Amphion,
1432 2865 1472 2915 vei
1484 2865 1597 2928 Orpheus
1607 2864 1685 2925 adeo,
1699 2867 1746 2929 qui
1758 2868 1911 2922 anstrum
1921 2874 2018 2920 mesu
2027 2867 2063 2917 b

457 2942 573 3003 διάνοιαν
583 2946 669 3003 αὐτῶν
680 2944 732 3003 ἀπὸ
742 2949 789 3016 τῆς
800 2942 867 3011 θέας
879 2945 937 3001 ἀλλ’
949 2934 993 3002 οῦν
1002 2940 1124 3013 ἐκαστος,
1135 2940 1242 3000 ἐπειδδιν
1289 2966 1374 3003 εοεαε
1391 2952 1526 3016 spectaculo
1544 2952 1623 3016 possit
1640 2967 1647 3001 :
1669 2966 1762 3003 vuum
1777 2957 1966 3021 unm'nqus,
1980 2959 2065 3018 mu

458 3029 535 3109 μόνον
559 3031 661 3112 ύπερόῇ
682 3032 726 3090 τδν
744 3031 811 3103 ὀδόν,
831 3029 917 3112 ἀθρόῳ
934 3033 972 3111 τῷ
991 3029 1083 3088 κάλλει
1096 3028 1244 3110 περιχυθεὶς
1291 3040 1472 3104 solumiimine,
1486 3040 1594 3090 conserta
1605 3040 1645 3090 ilia
1655 3040 1848 3104 pulchritudine
1857 3044 2067 3105 dnmm-

457 3117 543 3198 λόγων
557 3117 604 3198 μίν
619 3119 723 3179 ἐκείνων
745 3119 762 3191 θ,
782 3119 932 3199 ἀκροάσεως
946 3118 1004 3176 ἀλλ’
1022 3116 1081 3176 uiti
1095 3116 1143 3189 τὴν
1158 3116 1244 3196 ἀρχὴν
1292 3128 1382 3178 tionem
1392 3127 1458 3177 iilam
1466 3165 1474 3190 ,
1483 3127 1703 3189 sisnanditiooem,
1712 3131 1878 3181 neoomnimo
1888 3132 1971 3184 suffia
1981 3130 2065 3186 ὣς

460 3236 472 3260 ι
487 3206 569 3267 ἀΐοντι
581 3207 675 3287 ἔοικεν,
692 3236 703 3260 ν
716 3206 772 3273 όλος
789 3205 816 3266 δὲ
829 3206 894 3289 πρὸς
907 3214 960 3272 τοῖς
974 3205 1113 3286 θρωμίνοις
1129 3205 1210 3278 ἐστίν,
1222 3207 1245 3263 εί
1291 3215 1334 3266 sed
1347 3220 1414 3266 totus
1424 3222 1462 3266 est
1473 3216 1499 3265 in
1508 3215 1547 3265 his
1558 3228 1614 3279 qnae
1622 3215 1749 3278 ridentur,
1759 3218 1786 3268 ni
1797 3218 1930 3281 quintorte
1937 3220 2065 3284 phem

459 3296 498 3376 μὴ
512 3296 587 3379 τύχοι
599 3322 638 3367 τις
648 3299 784 3365 παντελῶς
799 3295 894 3377 τυφλὸς
914 3292 980 3367 θινῆ
997 3297 1024 3354 ἐν
1038 3292 1111 3370 νυκτὶ
1124 3292 1244 3375 ώσπερὴ
1288 3304 1332 3366 sit,
1341 3310 1384 3354 aut
1390 3308 1477 3365 noctu,
1489 3304 1584 3354 utillud
1593 3304 2065 3370 Areopagitarumouusilinmmtah

460 3386 488 3456 ἐξ
500 3385 597 3470 Ἀρείου
610 3386 697 3466 πάγου
712 3385 793 3466 βουλὴ
807 3387 907 3445 ποιοῖτο
919 3383 967 3456 τὴν
978 3382 1114 3465 ἀκρόασιν.

470 3542 473 3547 ,
505 3486 550 3538 19.
564 3472 630 3537 Ὅτι
641 3474 691 3555 γδρ
704 3478 751 3534 οῦκ
761 3473 905 3554 ἀξιόμαχον
914 3472 999 3550 λόγων
1012 3470 1151 3553 ίσχθςόψει
1166 3474 1246 3530 ἀντα-
1325 3486 1360 3532 19.
1376 3482 1528 3545 Iteqneenim
1538 3482 1598 3532 satis
1609 3481 2063 3550 raimerimrerbornmffifflt·

462 3562 623 3640 γωνίσασθαι
636 3562 683 3622 καί
698 3567 713 3621 θ
727 3561 861 3640 Σειρήνων
876 3566 955 3637 μῦθος
966 3561 1120 3641 παρατεθεὶς
1133 3564 1171 3640 τιῙι
1185 3557 1247 3640 περὶ
1291 3571 1344 3620 risu
1363 3568 1519 3633 pugnandum
1532 3574 1587 3630 est,
1607 3571 1721 3620 sirenum
1740 3573 1820 3622 etiam
1842 3573 1928 3624 tabula
1942 3587 1995 3624 οι
2007 3571 2063 3622 h

463 3655 514 3709 τῶν
529 3649 664 3731 Γοργόνων
686 3650 809 3717 διδάξειεν
825 3649 864 3706 άν·
883 3649 979 3706 ἐκεῖναι
1003 3647 1049 3726 μὲν
1068 3647 1118 3728 γὰρ
1137 3647 1246 3719 ἐκήλουν
1291 3661 1428 3720 Gorgonum
1444 3659 1575 3721 oomposita
1588 3658 1706 3708 docuerit
1740 3663 1806 3712 Nam
1818 3662 1871 3712 due
1886 3663 2065 3726 qnidnproe

464 3743 523 3805 τοὺς
536 3736 736 3820 παραπλέοντας
752 3739 917 3817 μελῳδοῦσαι
931 3736 977 3794 καί
988 3735 1178 3794 κολακεύουσαι
1194 3740 1248 3802 τοῖς
1291 3747 1430 3808 navigantes
1445 3746 1581 3796 muloebant
1599 3747 1708 3796 canendo
1726 3753 1755 3798 et
1776 3749 1905 3800 adulando
1926 3749 2061 3802 mm.

466 3827 568 3908 ᾅσμασι
588 3825 634 3884 καῖ
655 3823 890 3891 καταπλεύσαντας
911 3825 955 3883 ἐπὶ
975 3823 1042 3882 πολύ
1056 3833 1187 3903 κατεῖχον,
1203 3823 1249 3882 καί
1292 3833 1479 3897 detinebantque
1490 3835 1619 3898 appulsos,
1631 3837 1657 3883 et
1666 3848 1738 3884 mora
1752 3839 1858 3888 omnino
1868 3838 1971 3903 qum
1980 3833 2059 3901 epi·

465 3915 531 3981 ὅλως
544 3913 574 3973 τὸ
592 3912 666 3994 ἔργον
683 3915 767 3970 αὐτῶν
786 3910 868 3971 ἐδεῖτό
886 3936 954 3978 τινος
973 3912 1121 3991 διατριύῆς,
1139 3911 1185 3969 καί
1198 3909 1248 3970 πού
1292 3923 1369 3971 larum
1382 3922 1521 3984 indigebat:
1534 3922 1700 3985 utaliquando
1715 3924 1810 3987 aliquis
1818 3924 2063 3989 pretermissum

466 4027 504 4070 τις
517 4001 597 4068 αθτδς
611 4001 656 4059 καί
670 3999 835 4080 παρέπλευσε
850 3999 895 4059 καί
909 4006 955 4058 τοῦ
974 3997 1068 4076 μέλους
1087 3998 1248 4079 παρήκουσε·
1294 4008 1402 4059 inaudita
1414 4010 1566 4073 praetermisit
1579 4009 1677 4059 illorum
1689 4012 1812 4062 carmina.
1848 4010 2062 4078 AtGorpust

467 4091 496 4151 τδ
510 4090 537 4149 δὲ
554 4095 605 4149 τῶν
622 4088 756 4170 Γοργόνων
772 4089 867 4156 κάλλος
887 4089 932 4147 άτε
953 4087 1101 4168 βιαιότατόν
1115 4111 1144 4145 τε
1161 4086 1190 4145 δν
1205 4086 1250 4144 καὶ
1293 4098 1422 4160 chritudo,
1443 4112 1498 4161 quoe
1519 4103 1585 4147 essot
1599 4099 1781 4149 violentissima
1799 4107 1825 4151 et
1841 4103 1988 4166 prinupihns
2000 4099 2063 4150 'fl

467 4181 521 4244 τοῖς
532 4176 713 4258 καιριωτάτοις
725 4183 770 4249 τῆς
783 4180 869 4259 ψυχῆς
883 4179 989 4255 ὁμιλοῦν
1006 4175 1078 4241 εὐθὺς
1090 4173 1176 4244 ἐξίστη
1190 4172 1250 4239 τοὺς
1293 4187 1401 4250 partibus
1418 4200 1444 4236 se
1459 4187 1604 4246 insinuaret,
1625 4187 1709 4236 statim
1725 4188 1845 4240 sidentes
1855 4196 1926 4242 extra
1936 4204 1961 4241 ιε
1970 4187 2061 4252 apsis,

469 4263 571 4331 ἰδόντας
591 4265 637 4322 καί
653 4263 770 4345 ἀφώνους
785 4265 883 4336 ἐποίει,
897 4267 932 4331 ὡς
948 4263 975 4321 δὲ
994 4267 1008 4321 θ
1031 4269 1109 4340 μῦθος
1129 4262 1251 4341 βούλεται
1294 4272 2059 4342 [υοίοθτῑυυοιιιυῑοεςυίτωυνωῑώθυὴκθαίωεώμῌ

468 4351 513 4412 καί
526 4350 645 4430 λέγεται,
665 4352 756 4411 λίθινοι
771 4353 900 4430 ἐγίγνοντο
919 4351 971 4409 ἀπδ
986 4349 1126 4428 θαύματος.
1167 4350 1252 4410 Ὥστε
1295 4375 1345 4426 prae
1362 4361 1518 4412 admiratione
1535 4361 1631 4412 fiebant
1663 4363 1742 4424 Igitur
1763 4378 1822 4428 quan
1845 4365 1879 4416 de
1899 4378 1986 4431 pavos
2001 4359 2059 4427 β·

469 4439 515 4500 καί
525 4439 553 4498 θν
572 4440 637 4520 ύπέρ
648 4446 694 4499 τοῦ
707 4441 763 4499 ταὼ
777 4441 853 4519 λόγον
872 4432 929 4499 εἶπε
944 4439 1008 4520 πρὸς
1023 4445 1091 4516 ὑμᾶς
1103 4438 1195 4521 μικρδν
1210 4438 1254 4516 ἔμ·
1296 4456 1351 4500 ante
1363 4450 1393 4499 ad
1409 4464 1455 4499 vos
1466 4451 1512 4500 iste
1523 4450 1599 4511 dixit,
1610 4463 1640 4499 ea
1655 4463 1757 4512 quoqne
1768 4466 1814 4515 pro
1834 4467 1877 4504 me
1888 4454 1951 4503 dim
1966 4445 2057 4502 αὐ

469 4532 592 4611 πρυσθεν,
607 4525 672 4606 ύπέρ
686 4531 801 4605 ἐμαυτοῦ
813 4532 931 4609 εἰρῆσθαι
946 4528 1050 4605 νομίζω·
1064 4527 1110 4586 καὶ
1121 4526 1171 4609 γδιρ
1186 4527 1253 4586 ἐκεί·
1299 4544 1348 4587 tror
1361 4553 1367 4586 τ
1381 4539 1470 4588 etenim
1481 4539 1544 4587 iliius
1555 4538 1627 4588 etiam
1634 4537 1703 4600 quod
1711 4537 1822 4589 deiectat
1832 4542 1860 4591 in
1870 4541 1948 4605 spatie
1956 4540 2056 4597 inat.-

471 4639 516 4675 νου
530 4618 556 4675 ἐν
570 4620 603 4694 τῇ
618 4615 689 4696 ὄψει,
708 4619 756 4675 οὐκ
776 4619 847 4696 ἐντῇ
863 4621 934 4698 φωνῇ
952 4616 982 4674 τὸ
997 4615 1114 4697 τερπνόν.
1161 4616 1213 4675 Καὶ
1232 4614 1256 4673 εί
1298 4627 1323 4674 iu
1341 4639 1409 4675 soce.
1447 4629 1477 4675 Et
1496 4625 1518 4675 si
1535 4625 1590 4688 quis
1604 4626 1675 4687 juxta
1695 4626 1833 4677 oodoomos
1852 4629 1910 4678 hine
1926 4625 2055 4678 inme

471 4704 502 4786 γί
515 4729 554 4772 τις
565 4703 803 4786 παραστησάμενος
816 4705 863 4775 τὴν
874 4704 972 4776 ἀηδόνα
984 4703 1001 4775 ἢ
1015 4705 1059 4763 τὸν
1077 4703 1170 4763 κύκνον
1185 4705 1255 4785 ᾄδειν
1298 4727 1400 4777 cygnum
1407 4713 1599 4776 canerejuheat,
1614 4714 1673 4762 hino
1688 4715 1851 4778 interipsum
1865 4716 2055 4767 maioma*

473 4793 589 4866 κελεύοι,
604 4792 702 4870 μεταξύ
719 4791 747 4851 δέ
759 4792 874 4875 ᾀδόντων
888 4793 1052 4873 παραδείξειε
1062 4792 1104 4851 τὸν
1120 4792 1176 4851 ταὼ
1191 4816 1257 4850 σκυ-
1299 4800 1410 4850 ostendat
1432 4813 1564 4863 pavonem
1581 4799 1643 4850 bone
1661 4801 1718 4851 nori
1737 4817 1785 4865 ego
1805 4806 1962 4855 transitum
1974 4799 1999 4852 d
2011 4799 2054 4846 iu

473 4886 581 4955 πῦνιτα,
601 4874 630 4940 τῦ
650 4873 697 4941 οἶδ’
718 4880 759 4940 ότι
780 4882 821 4940 ἐπ’
835 4884 933 4939 ἐκεῖνον
953 4881 1165 4959 μεταῦήσετοιιή
1183 4879 1256 4959 ψυχὴ
1303 4892 1422 4950 mentem,
1435 4888 1531 4950 longum
1543 4887 1815 4949 vaierejussisiiimum
1824 4893 1945 4943 cantibus
1972 4883 2053 4941 ΔΜ

476 4968 566 5050 μακρά
578 4970 679 5051 χαίρειν
690 4969 815 5051 φράσασα
831 4979 884 5036 τοῖς
898 4969 1002 5029 ἐκείνων
1015 4970 1140 5050 ᾅσμασιν.
1166 4968 1259 5035 θύτως
1301 4977 1391 5025 victum
1402 4976 1460 5038 quid
1472 4974 1632 5026 esseridetur
1643 4989 1740 5040 eaque
1752 4979 2053 5042 petraminiquam

475 5057 581 5136 ἀμαχόν
595 5082 621 5115 τι
633 5057 714 5116 ἔοικεν
729 5049 823 5128 εἶναιῆ
838 5058 870 5116 δι’
884 5058 967 5139 ὄψεως
980 5057 1069 5128 ἡδονή.
1303 5065 1378 5126 tingit

517 5157 564 5207 20.
586 5145 641 5205 Καὶ
650 5144 746 5224 ἔγωγε,
764 5150 786 5204 εἰ
803 5145 941 5225 βούλεσθε,
959 5145 1079 5226 μάρτυρα
1094 5145 1154 5222 ύμῖν
1169 5169 1259 5226 παρα·
1335 5160 1373 5203 20.
1391 5157 1469 5214 Atque
1479 5165 1537 5216 ego,
1549 5152 1669 5214 struitis,
1681 5156 1773 5204 testem
1784 5154 1817 5205 sd
1830 5168 1876 5207 ros
1891 5153 1988 5219 anapia
1998 5149 2052 5197 ὑ*

478 5232 610 5311 στάσομαι
627 5233 705 5315 σοφὸν
720 5233 819 5312 ἀνδρα,
839 5233 865 5300 θς
880 5233 975 5292 αὐτίκα
992 5254 1036 5310 μοι
1051 5231 1213 5313 μαρτυρήσει
1226 5237 1261 5300 ώς
1304 5241 1444 5304 sapientem,
1456 5240 1585 5303 quistatim
1593 5241 1765 5292 testimonium
1772 5245 1832 5294 mihi
1841 5233 2051 5309 pannum-b·

478 5320 545 5379 πολὺ
560 5320 763 5401 ἐπικρατέστερά
777 5323 833 5380 ἐστι
846 5325 897 5380 τῶν
914 5319 1077 5399 ἀκουομένων
1087 5319 1120 5378 τδι
1130 5320 1260 5402 δρώμενα.
1304 5328 1492 5391 damnentur,
1509 5329 1547 5378 his
1556 5341 1613 5392 quae
1622 5329 1707 5380 auditu
1716 5333 1885 5396 percipiuntur
1896 5345 1948 5384 ωε
1961 5325 2050 5378 ιιθθίθι

482 5407 536 5466 Καί
550 5431 595 5484 μοι
609 5407 640 5467 σύ
655 5408 705 5481 ἤδη
726 5413 740 5466 ό
763 5409 844 5489 κῆρυξ
864 5408 1008 5488 προσκάλει
1023 5407 1101 5467 αὐτὸν
1122 5407 1261 5487 Ἡρόδοτον
1305 5421 1334 5466 Et
1346 5416 1405 5466 mihi
1419 5422 1445 5466 tu
1454 5416 1517 5478 jam,
1527 5418 1679 5480 prreoo‚hue
1696 5432 1758 5470 voca
1775 5421 1857 5484 ipsum
1870 5407 2050 5472 iiouodotffliiii

485 5494 565 5562 Λύξου
573 5495 914 5577 Ἁλικαρνασόθεν-κάπειδὴ
925 5499 1011 5564 καλῶς
1021 5498 1102 5557 ποιῶν
1113 5495 1260 5572 ὑπάκουσε,
1305 5505 1381 5555 tilium
1397 5505 1570 5556 Halicarnasso.
1615 5508 1646 5556 Et
1662 5507 1775 5570 quamdo,
1798 5510 1910 5573 prmthoe
1924 5508 1959 5559 iiie
1970 5498 2049 5568 effi·
