4759 6600
754 785 859 838 aas,
888 763 988 840 εστ)

749 987 1100 1045 ἱπολιποῧσαν
1138 981 1227 1042 τὸν
1269 982 1432 1063 ἄνδρα
1473 983 1718 1052 ἐθελῆσαι
1761 978 2011 1061 βαρὸάρῳ
2048 979 2139 1037 καὶ
2176 978 2301 1059 ξένῳ

750 1075 1130 1133 υνεκπλεῧσαι.

798 1163 992 1222 ΑΦΡ.
1035 1158 1240 1240 Θάρρει
1280 1155 1465 1216 τούτου
1504 1179 1563 1235 γε
1604 1153 1777 1215 ἕνεκα.
1863 1156 2036 1215 Παῖδε
2073 1152 2175 1235 γάρ
2210 1175 2300 1231 μοι

749 1248 875 1307 στὸν
905 1245 1002 1307 δύο
1022 1244 1202 1317 καλὼ,
1221 1243 1432 1325 Ἵμερος
1452 1242 1545 1302 καὶ
1584 1242 1763 1322 Ἔρως
1777 1288 1792 1315 ,
1813 1239 1984 1301 τούτω
2018 1265 2101 1301 σοι
2123 1264 2301 1321 παρα-

749 1336 881 1395 theo>
903 1334 1133 1414 ἡγεμόνε
1160 1338 1253 1404 τῆς
1280 1334 1398 1391 ὁδοῦ
1429 1330 1792 1409 γενησομένω·
1823 1330 1915 1389 καὶ
1943 1334 1971 1388 ὁ
2001 1328 2096 1408 μὲν
2124 1328 2302 1411 Ἔρως

749 1428 839 1492 λος
866 1419 1149 1502 παρελθὼν
1188 1423 1239 1487 ἐς
1267 1417 1430 1491 αὐτὴν
1468 1419 1757 1497 ἀναγκάσει
1787 1417 1881 1490 τὴν
1907 1422 2130 1496 γυναῖκα
2157 1418 2298 1496 ἐρᾶν,

780 1513 833 1570 δ’
886 1509 1109 1591 Ἵμερος
1147 1510 1290 1590 αὐτῷ
1329 1530 1411 1566 σοι
1451 1506 1746 1588 περιχυθεὶς
1792 1505 1932 1565 τοῦθ’
1971 1504 2099 1586 ὅπερ
2142 1507 2299 1574 ἐστιν,

749 1598 942 1681 ιερτόν
968 1621 1027 1655 τε
1055 1597 1203 1668 θήσει
1225 1596 1316 1654 καὶ
1346 1594 1620 1675 ἐράσμιον,
1645 1595 1736 1654 καὶ
1760 1592 1893 1665 αὐτὴ
1915 1592 1970 1652 δὲ
1994 1595 2298 1672 συμπαροῦ-

750 1710 810 1748 α.
900 1685 1180 1762 Δεήσομαι
1203 1681 1258 1741 δὲ
1283 1682 1375 1741 καὶ
1396 1686 1501 1741 τῶν
1522 1681 1770 1765 Χαρίτων
1794 1683 2112 1752 ἀκολουθεῖν,
2138 1678 2302 1737 ἅπαν-

749 1799 803 1843 ες
821 1773 998 1845 αὐτὴν
1016 1771 1107 1831 ἵνα
1132 1769 1416 1848 πείσωμεν.

801 1865 992 1924 lIAP.
1036 1859 1225 1927 Ὅπως
1246 1856 1342 1938 μὲν
1357 1863 1526 1917 ταῦτα
1546 1856 1809 1938 χωρήσει,
1830 1857 2042 1929 ἄδηλον,
2063 1845 2107 1915 ὦ
2128 1855 2304 1936 Ἀφρο·
2343 1925 2344 1929 ¹

754 1951 872 2023 ίτη·
901 1949 1045 2019 πλὴν
1073 1951 1175 2029 ἐρῶ
1211 1970 1271 2026 γε
1297 1946 1399 2019 ἤδη
1422 1951 1516 2018 τῆς
1548 1944 1768 2018 Ἑλένης
1795 1944 1886 2004 καὶ
1909 1947 2004 2003 οὐκ
2041 1936 2135 2004 οἷδ’
2163 1941 2301 2008 ὅπως

757 2039 815 2097 αἱ
833 2042 964 2119 ὁρᾶν
987 2035 1151 2107 αὐτὴν
1166 2034 1343 2113 οἴομαι
1358 2035 1448 2094 καὶ
1462 2033 1607 2093 πλέω
1621 2031 1739 2092 εὐθὺ
1755 2037 1847 2104 τῆς
1862 2030 2118 2097 Ἑλλάδος
2130 2029 2221 2088 καὶ
2231 2034 2300 2109 τῇ

749 2128 959 2207 Σπάρτῃ
999 2126 1240 2201 ἐπιδημῶ
1276 2123 1368 2181 καὶ
1400 2122 1642 2199 ἐπάνειμι
1672 2120 1809 2202 ἔχων
1837 2118 1933 2192 τὴν
1964 2120 2186 2198 γυναῖκα
2210 2118 2301 2177 καὶ

749 2215 996 2296 ἱχθομαι,
1020 2211 1102 2271 ὅτι
1131 2211 1206 2289 μὴ
1235 2216 1403 2269 ταῦτα
1430 2210 1534 2283 ἤδη
1569 2208 1743 2268 πάντα
1769 2212 1921 2268 ποιῶ.

814 2314 906 2364 16.
956 2302 1127 2362 ΑΦΡ.
1176 2298 1268 2371 Μὴ
1306 2299 1555 2380 πρότερον
1595 2300 1843 2380 ἐρασθῇς,
1881 2286 1926 2354 ὦ
1962 2295 2138 2376 Πάρι,
2176 2292 2302 2375 πρὶν

749 2388 827 2469 ἐμὲ
850 2389 948 2461 τὴν
975 2387 1372 2469 προμνήστριαν
1398 2387 1489 2445 καὶ
1512 2385 1860 2469 νυμφαγωγὸν
1882 2381 2207 2465 ἀμείψασθαι
2233 2386 2299 2461 τῇ

749 2478 926 2561 κρίσει·
957 2476 1149 2557 πρέποι
1176 2473 1278 2555 γὰρ
1303 2475 1365 2532 ἂν
1390 2472 1530 2552 κάμὲ
1557 2473 1831 2555 νικηφόρον
1857 2476 1980 2550 ὑμῖν
2011 2478 2303 2549 συμπαρεῖ-

749 2591 821 2626 ναι
839 2566 929 2626 καὶ
957 2563 1220 2645 ἑορτάζειν
1244 2562 1356 2640 ἅμα
1376 2562 1468 2621 καὶ
1489 2560 1607 2629 τοὺς
1625 2561 1825 2641 γάμους
1843 2560 1934 2619 καὶ
1956 2558 2023 2618 τὰ
2045 2558 2271 2618 ἐπινίκια
2287 2582 2300 2595 ·

749 2654 904 2713 πάντα
928 2652 1034 2734 γὰρ
1057 2650 1226 2711 ἔνεστί
1248 2674 1355 2722 σοι,
1376 2651 1464 2709 τὸν
1489 2649 1686 2731 ἔρωτα,
1704 2649 1765 2708 τὸ
1787 2647 2006 2722 κάλλος,
2026 2647 2114 2706 τὸν
2133 2646 2301 2725 γάμον

749 2746 937 2806 τουτουὶ
958 2746 1054 2801 τοῦ
1084 2741 1254 2817 μήλου
1274 2738 1547 2821 πρίασθαι.

823 2833 987 2892 ΠΑΡ.
1030 2829 1253 2890 Δέδοικα
1291 2825 1365 2905 μή
1400 2850 1501 2904 μου
1535 2822 1806 2903 ἀμελήσῃς
1834 2822 1969 2902 μετὰ
1996 2820 2092 2893 τὴν
2114 2821 2301 2904 κρίσιν.

814 2920 990 2979 Mhi).
1038 2917 1229 2977 Βούλει
1257 2905 1345 2974 οὖν
1374 2913 1748 2991 ἐπομόσωμαι;

825 3010 990 3068 nAP.
1029 3008 1335 3083 Μηδαμῶς,
1366 3001 1504 3062 ἀλλὰ
1532 3000 1765 3081 ὑπόσχου
1788 2998 1965 3059 πάλιν.

828 3096 994 3155 ΑΦΡ.
1041 3092 1441 3171 ’Υπισχνοῦμαι
1471 3089 1536 3160 δή
1570 3112 1652 3149 σοι
1679 3087 1774 3162 τὴν
1807 3086 2026 3159 Ἑλένην
2055 3086 2308 3168 παραδώ-

757 3202 850 3239 σειν
875 3182 1097 3261 γυναῖκα
1151 3178 1243 3239 καὶ
1276 3176 1643 3245 ἀκολουθήσειν
1683 3198 1744 3255 γε
1771 3173 1848 3233 ἔτι
1863 3172 2043 3252 ,αὐτὴν
2075 3174 2166 3233 καὶ
2194 3173 2308 3255 ἀφί-

762 3264 912 3335 ξεσθαι
947 3268 1073 3352 παρ’
1100 3271 1238 3346 ὑμᾶς
1272 3270 1322 3334 ἐς
1350 3265 1448 3338 τὴν
1484 3263 1672 3337 Ἴλιον,
1711 3261 1804 3323 καὶ
1836 3260 1969 3335 αὐτὴ
2006 3261 2307 3343 παρέσομαι

767 3355 842 3414 καὶ
855 3357 1138 3440 συμπράξω
1160 3356 1229 3415 τὰ
1260 3353 1454 3414 πάντα.

836 3447 993 3508 nAP.
1033 3445 1145 3507 Καὶ
1185 3444 1274 3504 τὸν
1314 3440 1536 3524 Ἔρωτα
1578 3441 1670 3501 καὶ
1706 3440 1795 3499 τὸν
1832 3436 2048 3521 Ἵμερον
2090 3439 2182 3498 καὶ
2216 3438 2309 3507 τὰς

777 3530 971 3612 Χάριτας
997 3533 1163 3607 ἄξεις

840 3622 995 3682 Ami).
1039 3620 1276 3703 Θάρρει,
1310 3617 1401 3677 καὶ
1435 3617 1525 3676 τὸν
1568 3614 1741 3678 Πόθον
1775 3615 1867 3675 καὶ
1904 3614 1992 3675 τὸν
2026 3614 2309 3694 Ὑμέναιον

789 3700 843 3761 ἔτι
860 3708 974 3788 πρὸς
992 3707 1197 3774 τούτοις
1213 3705 1620 3788 παραλήψομαι.

843 3795 990 3857 ΠΛΡ.
1032 3797 1241 3858 Οὖκοῧν
1283 3793 1370 3854 ἐπὶ
1411 3791 1612 3862 τούτοις
1652 3791 1843 3871 δίδωμι
1889 3792 1952 3852 τὸ
1992 3793 2180 3871 μῆλον,
2223 3792 2310 3852 ἐπὶ
2358 3861 2359 3869 ¹

2358 3927 2359 3945 2
2398 3887 2674 3938 conditione
2692 3886 2870 3949 accipe.

794 3880 941 3952 τούτοις
961 3883 1218 3964 λάμὸανε.

1435 4076 1618 4091 —

1469 4204 1550 4275 21
1571 4262 1584 4276 .

1136 4398 1395 4460 ΑΡΕΩΣ
1438 4399 1572 4459 ΚΑΙ
1617 4398 1905 4459 ΕΡΜΟΥ.

872 4592 907 4641 ¹·
940 4589 1043 4647 ΛΡ.
1081 4582 1387 4658 Ἤκουσας,
1409 4574 1454 4643 ὦ
1479 4583 1687 4666 Ἑρμῆ,
1713 4573 1797 4642 οἶα
1821 4581 2111 4655 ἠπείλησεν
2133 4586 2264 4659 ἡμῖν
2289 4585 2317 4640 ὃ

816 4665 996 4741 mestoc
1030 4673 1354 4757 ὑπερωπτικὰ
1395 4672 1486 4732 καὶ
1523 4676 1594 4739 ὡς
1620 4669 1881 4746 ἀπίθανα,
1908 4668 2015 4731 Ἢν
2053 4671 2314 4743 ἐθελήσω,

816 4757 940 4833 φησὶν,
958 4761 1050 4840 ἐγὼ
1067 4762 1163 4841 μὲν
1188 4764 1250 4821 ἐκ
1266 4767 1362 4822 τοῦ
1381 4762 1601 4844 οὐρανοῦ
1622 4758 1800 4838 σειρὰν
1820 4759 2038 4832 καθήσω
2052 4805 2071 4838 ,
2093 4761 2240 4838 ὑμεῖς
2258 4760 2315 4819 δὲ

817 4842 1231 4927 ἀποκρεμασθέντες
1263 4858 1544 4911 κατασπᾶν
1576 4846 1821 4929 βιάσεσθέ
1850 4872 1944 4926 με,
1980 4846 2117 4907 ἀλλὰ
2145 4852 2318 4926 μάτην

817 4935 1030 5006 ῐωῆΰετε·
1071 4944 1129 5000 οὗ
1169 4940 1275 5024 γὰρ
1318 4937 1383 5011 δὴ
1424 4935 1797 4998 καθελκύσετε·
1839 4941 1885 4996 εἰ
1921 4934 1977 4996 δὲ
2023 4934 2128 5017 ἐγὼ
2165 4936 2317 5009 θελή-
2361 4974 2362 4981 1

817 5039 928 5099 ΰαῑμι
959 5029 1251 5102 ἀνελκύσαι,
1293 5030 1354 5088 οὗ
1384 5025 1540 5105 μόνον
1577 5030 1744 5104 ὑμᾶς,
1775 5024 1914 5085 ἀλλὰ
1954 5024 2045 5084 καὶ
2083 5023 2180 5097 τὴν
2220 5030 2319 5105 γῆν

819 5105 903 5182 ἅμα
915 5110 983 5173 καὶ
996 5117 1081 5189 τὴν
1097 5118 1366 5178 θάλατταν
1381 5116 1711 5197 συναρτήσας
1731 5117 1998 5196 μετεωριῶ
2012 5138 2024 5151 ·
2045 5112 2137 5172 καὶ
2149 5114 2319 5172 τᾶλλα

819 5196 892 5256 ὅπα
927 5205 999 5263 καὶ
1036 5207 1096 5267 σὺ
1147 5208 1395 5279 ἀκήκοας.
1521 5204 1669 5284 Ἐγὼ
1710 5201 1766 5263 δὲ
1810 5202 1892 5263 ὅτι
1934 5203 2030 5280 μὲν
2061 5203 2176 5261 καθ’
2229 5202 2321 5261 ἕνα

819 5285 976 5349 xa'vtm
1007 5295 1222 5373 ἀμείνων
1259 5295 1350 5355 καὶ
1392 5290 1723 5375 ἰσχυρότερός

819 5371 940 5448 θείην,
957 5383 1065 5458 ὁμοῦ
1093 5383 1151 5444 δὲ
1183 5388 1289 5443 τῶν
1315 5381 1573 5442 τοσούτων
1603 5379 1926 5462 ὑπερφέρειν,
1949 5381 2020 5445 ὥς
2048 5376 2123 5456 μὴ
2155 5401 2320 5437 κατα-

1724 760 1911 820 VllI.
1956 759 2338 819 DEORUM
2381 756 2793 818 DIALOGI.
2845 766 2937 815 21.
3324 768 3329 772 ·
3873 768 3946 817 67

811 899 991 959 ΠΑΡ.
1035 896 1197 956 Τοῦτ’
1232 893 1360 953 αὐτὸ
1393 893 1485 951 καὶ
1515 892 1738 952 ἄπιστον
1761 883 1894 951 εἷναί
1928 916 2016 969 μοι
2046 894 2212 963 δοκεῖ,
2240 889 2300 949 τὸ
2338 909 2342 992 Ι

2453 901 2588 948 PAR.
2625 897 2680 947 Id
2698 897 2856 960 ipsum
2873 893 3147 945 incredibile
3170 908 3277 945 esse
3295 895 3411 944 mibi
3437 895 3645 957 videtur,
3661 896 3745 956 ut,
3762 895 3953 948 deserto

2386 986 2585 1045 marito,
2603 986 2817 1035 animum
2847 984 3040 1033 inducat
3062 997 3172 1033 cum
3195 984 3388 1032 homine
3411 983 3611 1033 barbaro
3631 988 3679 1033 et
3705 984 3953 1046 peregrino

2386 1074 2669 1137 navigationi
2694 1086 2746 1123 se
2769 1072 2898 1124 dare.

2446 1174 2589 1221 VEN.
2622 1174 2811 1221 Bonum
2855 1168 3069 1218 artimum
3103 1167 3227 1217 habe
3266 1168 3406 1217 istius
3441 1168 3635 1232 quidem
3682 1169 3750 1217 rei
3786 1182 3948 1218 causa.

2387 1258 2496 1309 Nati
2511 1257 2627 1307 mibi
2642 1262 2756 1307 sunt
2769 1256 2865 1306 duo
2879 1292 2893 1317 ,
2909 1256 3226 1319 pulcherrima
3241 1256 3392 1305 sorma
3404 1292 3419 1317 ,
3438 1257 3660 1306 llimerus
3674 1260 3722 1305 et
3735 1256 3922 1319 cupido
3938 1271 3951 1303 :

2387 1344 2556 1395 ambos
2579 1344 2665 1394 tibi
2689 1344 2873 1394 tradam
2895 1343 3046 1393 duces
3069 1343 3163 1393 viae
3186 1343 3389 1392 futuros.
3455 1347 3517 1393 Et
3550 1343 3736 1405 Cupido
3757 1343 3951 1407 quidem

2389 1445 2443 1482 se
2481 1434 2634 1482 totum
2669 1431 2931 1481 insinuabit
2966 1431 3015 1480 in
3053 1445 3159 1482 eam
3173 1467 3188 1493 ,
3217 1436 3448 1493 cogetque
3485 1430 3732 1480 mulierem
3765 1444 3952 1493 amare;

2388 1519 2614 1569 Himerus
2628 1523 2790 1568 autem
2805 1519 2993 1569 tibimet
3013 1518 3105 1581 ipsi
3128 1518 3475 1577 circumfusuS,
3496 1517 3623 1580 quod
3649 1518 3833 1567 scilieet
3851 1518 3953 1580 ipse

2387 1609 2485 1666 est,
2504 1606 2866 1656 desiderabilem
2890 1611 2938 1656 te
2957 1606 3098 1656 saciet
3121 1610 3268 1669 atque
3290 1606 3544 1656 amabilem
3568 1620 3580 1654 ε
3602 1609 3790 1668 egomet
3808 1606 3952 1655 etiam

2388 1706 2485 1743 una
2506 1694 2669 1743 adero.
2737 1697 2975 1745 Praeterea
2997 1694 3174 1756 rogabo
3199 1695 3387 1745 Gratias
3401 1732 3414 1756 ,
3440 1696 3493 1744 ut
3515 1706 3605 1743 nos
3626 1693 3916 1743 comitentur
3941 1710 3952 1741 :

2388 1795 2486 1844 quo
2508 1783 2751 1844 conjuncti
2774 1796 2944 1833 omnes
2965 1783 3058 1846 ipsi
3084 1781 3473 1845 persuadeamus.

2450 1882 2585 1929 PAR.
2619 1879 2872 1937 Quomodo
2904 1881 2998 1930 ista
3020 1880 3208 1943 possint
3244 1861 3375 1940 fieri,
3409 1893 3506 1928 non
3536 1879 3714 1941 liquet,
3737 1880 3903 1927 Venus
3938 1894 3950 1926 :

2387 1970 2600 2017 attamen
2614 1982 2722 2017 amo
2735 1970 2836 2030 Jam
2853 1968 3080 2018 Helenam
3093 2005 3108 2030 ,
3122 1953 3352 2018 et‘nescio
3370 1981 3467 2030 quo
3483 1969 3625 2031 pacto
3645 1966 3806 2016 videre
3822 1967 3953 2016 illam

2388 2055 2506 2104 mibi
2531 2056 2714 2117 videor,
2740 2059 2790 2106 et
2812 2057 2983 2119 navigo
2997 2062 3123 2106 recta
3143 2057 3191 2106 in
3220 2057 3452 2106 Groeciam
3467 2093 3480 2116 ,
3505 2062 3554 2105 et
3576 2057 3757 2119 Spartae
3785 2055 3955 2105 dever-

2388 2156 2486 2204 sor,
2508 2143 2743 2208 redeoque
2758 2157 2955 2207 compos
2969 2145 3183 2194 mulieris
3196 2180 3211 2205 ,
3233 2145 3375 2208 idque
3395 2158 3472 2193 me
3492 2144 3616 2193 male
3640 2144 3810 2205 habet,
3826 2144 3954 2205 quod

2388 2231 2601 2280 nondum
2622 2231 2725 2281 baec
2747 2221 2907 2280 omnia
2926 2231 3063 2280 facio.

2457 2325 2527 2369 16.
2560 2322 2701 2370 VEN.
2736 2324 2798 2369 At
2826 2321 2880 2369 tu
2911 2333 2971 2369 ne
2989 2320 3123 2382 prius
3150 2332 3311 2380 ameS,
3333 2320 3467 2379 Pari,
3491 2332 3637 2382 quam
3659 2319 3774 2368 mibi
3799 2320 3955 2369 conci·

2388 2407 2560 2458 liatrici
2578 2413 2626 2458 et
2644 2406 2874 2472 pronubae
2891 2408 3089 2468 gratiam
3106 2408 3328 2457 retuleris
3347 2406 3584 2456 sententia
3597 2406 3863 2456 secundum
3878 2420 3955 2456 me

2389 2497 2501 2547 data
2528 2513 2539 2545 :
2579 2496 2717 2547 decet
2739 2498 2868 2547 enim
2910 2511 2989 2547 me
3026 2497 3271 2547 victricem
3296 2496 3434 2545 vobis
3458 2509 3554 2544 una
3587 2494 3786 2555 adesse,
3812 2508 3869 2544 ao
3891 2495 3955 2543 se-

2389 2589 2520 2635 stum
2562 2598 2701 2646 agere
2736 2585 2881 2634 simul
2921 2586 3196 2649 nuptiarum
3241 2588 3292 2633 et
3329 2583 3545 2633 victoriae
3583 2595 3705 2633 meae
3747 2597 3759 2631 :
3795 2583 3957 2632 omnia

2389 2673 2565 2744 quippe
2586 2673 2699 2722 licet
2717 2673 2831 2734 tibi,
2850 2686 3079 2733 amorem,
3102 2673 3302 2722 sormam
3317 2676 3365 2721 et
3384 2670 3472 2721 bas
3490 2672 3681 2734 nuptias
3700 2670 3794 2720 isto
3812 2683 3956 2734 pomo

2390 2774 2685 2824 comparare.

2456 2840 2591 2889 PAR.
2627 2841 2816 2899 Metuo,
2837 2851 2897 2888 ne
2920 2852 2996 2888 me
3017 2837 3226 2900 negligas
3245 2841 3355 2900 post
3365 2836 3621 2899 iudicium.

2458 2929 2600 2976 VEN.
2634 2926 2745 2977 Vin'
2756 2925 3096 2988 jusjurandum
3118 2926 3451 2987 interponam?

2452 3018 2590 3065 PAR.
2623 3014 2912 3078 Neutiquam
2938 3014 3055 3063 :sed
3078 3013 3301 3076 promitte
3319 3012 3493 3063 denuo.

2452 3105 2599 3152 VEN.
2633 3102 2830 3165 Recipio
2845 3102 3091 3152 enimvero
3107 3101 3191 3150 tibi
3205 3100 3433 3150 Helenam
3453 3113 3532 3150 me
3555 3100 3835 3149 traditur-am
3855 3112 3961 3148 esse

2394 3203 2627 3251 uxorem,
2652 3204 2856 3253 eamque
2874 3203 3016 3253 porro
3038 3194 3087 3239 te
3111 3191 3381 3238 secuturam
3399 3201 3533 3248 esse,
3561 3191 3707 3250 atque
3735 3188 3875 3237 ilium
3900 3188 3961 3237 ad

2342 3327 2343 3330 ,
2394 3292 2484 3329 vos
2508 3278 2827 3343 profecturam
2855 3293 2867 3327 :
2902 3276 3012 3342 ipsa
3030 3290 3119 3340 ego
3153 3276 3328 3338 adero,
3362 3281 3412 3327 et
3428 3275 3635 3339 adjutrix
3672 3288 3755 3325 ero
3774 3275 3833 3325 ad
3858 3261 3963 3325 brae

2394 3381 2573 3417 omma.

2457 3459 2596 3507 PAR.
2629 3456 2783 3505 Etiam
2803 3455 3089 3518 cupidinem
3107 3457 3157 3503 et
3173 3452 3423 3502 Himerum
3445 3456 3494 3502 et
3513 3453 3702 3501 Gratias
3724 3450 3966 3501 adduces?

2458 3625 2603 3673 VEN.
2639 3625 2710 3673 Ne
2731 3622 2897 3671 dubita
2921 3637 2933 3670 ε
2957 3621 3165 3672 Pothum
3183 3621 3329 3670 etiam
3348 3624 3398 3670 et
3425 3622 3741 3682 Hymenaeum
3771 3619 3967 3682 insuper

2396 3724 2657 3762 assumam.
3295 3766 3328 3785 ο

2460 3803 2598 3850 PAR.
2643 3799 2772 3857 Quin
2806 3811 2917 3861 ergo
2949 3810 3007 3848 ea
3037 3796 3309 3848 conditione
3346 3795 3482 3846 trado
3513 3796 3605 3845 ‘tibi
3643 3809 3873 3860 pomum,
3910 3807 3968 3844 ea

3126 4209 3241 4278 21.

2744 4405 3038 4466 MAR‘ns
3080 4406 3179 4465 ET
3220 4365 3625 4465 Mesenen.

2471 4599 2513 4643 1.
2548 4594 2729 4643 MARS.
2766 4590 3022 4652 Audistin',
3041 4587 3273 4651 Mercuri,
3295 4589 3458 4652 qualia
3475 4588 3725 4638 minitatus
3751 4589 3815 4637 sit
3836 4587 3973 4638 nobis

2401 4689 2609 4752 Jupiter,
2629 4701 2776 4751 quam
2801 4686 3011 4750 superba
3028 4689 3080 4736 et
3096 4684 3341 4735 absurda?
3360 4686 3407 4735 Si
3434 4685 3629 4734 voluero
3642 4720 3658 4745 ,
3683 4682 3838 4746 inquit
3851 4720 3866 4744 ‚
3886 4695 3974 4745 ego

2404 4800 2464 4837 ex
2484 4785 2607 4836 coelo
2629 4790 2847 4836 catenam
2871 4783 3153 4845 demittam3
3173 4796 3264 4832 vos
3286 4780 3397 4832 inde
3420 4781 3638 4844 suspensi
3662 4780 3702 4829 si
3725 4765 3975 4829 detrahere

2403 4898 2484 4935 me
2515 4896 2687 4946 magna
2722 4882 2771 4932 vi
2793 4880 3164 4942 contenderitis),
3188 4881 3366 4929 trustra
3394 4877 3670 4927 laborabitis
3686 4893 3701 4936 ;
3719 4889 3815 4925 non
3842 4876 3972 4925 enim

2405 4980 2621 5045 profecto
2638 4979 2960 5029 detraxeritis.
3026 4981 3127 5041 Ego
3150 4981 3316 5026 eontra
3334 4975 3374 5025 si
3395 4975 3593 5025 voluero
3616 4985 3810 5023 sursum
3833 4976 3975 5021 attra-

2406 5079 2544 5139 bere,
2560 5091 2654 5127 non
2670 5089 2759 5126 vos
2775 5076 2930 5125 solum
2946 5112 2960 5137 ,
2977 5075 3063 5126 sed
3076 5079 3127 5125 et
3141 5079 3315 5124 terram
3331 5073 3473 5123 simul
3485 5085 3542 5121 ac
3557 5083 3686 5121 mare
3699 5069 3907 5120 adducta
3927 5069 3974 5118 in

2407 5175 2613 5225 sublime
2633 5174 2800 5223 tollam
2835 5188 2847 5222 :
2868 5175 2917 5222 et
2937 5176 3121 5232 cetera,
3146 5181 3467 5233 quaecumque
3498 5168 3701 5231 ipsemet
3727 5165 3959 5215 audivisti

1758 5293 1897 5350 &ww
1936 5292 2030 5348 οὐκ
2059 5289 2120 5349 ἂν
2154 5292 2322 5372 ἀρνη,
2407 5278 2507 5335 Ego
2536 5276 2695 5322 autem
2713 5308 2727 5333 ,
2749 5272 2789 5321 si
2820 5270 3031 5333 singulos
3050 5281 3326 5331 compares,
3346 5265 3572 5316 omnibus
3597 5263 3842 5313 fortiorem
3870 5275 3978 5312 esse.

2364 5392 2367 5409 ι
2408 5375 2457 5420 et
2481 5369 2763 5420 validiorem
2786 5367 2960 5417 infitias
2992 5379 3086 5415 non
3109 5365 3279 5414 iverim
3316 5379 3329 5412 :
3356 5362 3443 5412 sed
3465 5374 3560 5410 una
3578 5360 3759 5422 junctis
3781 5363 3854 5409 tot
3884 5359 3980 5410 diis

820 5461 1008 5531 πονήσειν
1030 5472 1198 5544 αὐτὸν,
1227 5471 1327 5530 κᾶν
1355 5468 1451 5541 τὴν
1472 5472 1572 5549 γῆν
1608 5469 1699 5528 καὶ
1727 5467 1824 5540 τὴν
1853 5466 2119 5526 θάλατταν
2153 5489 2320 5548 προσ-
2363 5477 2367 5487 ⁴
2409 5467 2704 5530 superiorem
2724 5478 2857 5524 esse,
2881 5468 2937 5513 ut
2958 5462 3211 5512 devincere
3234 5473 3346 5510 eum
3361 5471 3456 5507 non
3479 5457 3752 5518 valeamus,
3771 5456 3866 5506 etsi
3889 5461 3979 5506 ter·

752 5560 768 5571 ’
820 5546 1029 5632 λάςωμεν,
1051 5563 1143 5620 οὐκ
1167 5559 1230 5620 ἂν
1257 5557 1540 5631 πεισθείην.

2410 5578 2513 5615 ram
2535 5567 2585 5614 et
2603 5566 2804 5627 pontum
2822 5560 3194 5611 assumserimus
3208 5594 3222 5619 ,
3243 5556 3372 5607 baud
3387 5567 3502 5606 sane
3514 5553 3633 5605 mihi
3647 5551 3979 5617 persuaserim.

3046 5663 3050 5667 '
3775 5669 3816 5705 ο.
