4759 6600
475 752 533 804 bilo
852 736 990 797 valr.
1019 735 1092 794 ΔΙΣ
1118 734 1553 795 ΚΑΤίΙΓΟΡΟ.ΥΜΕΝΟΣ.
1580 743 1696 811 lists.
1887 736 2066 816 (listas-w]

476 876 558 941 ναῖοι,
565 871 618 934 τοῖς
629 870 693 932 θεοῖς
702 864 813 945 εὔχομαι
823 873 889 922 πᾶσι
898 864 943 922 καί
954 861 1068 936 πάσαις,
1078 862 1142 935 όσην
1152 862 1252 923 εὔνοιαν
1295 870 1400 934 aleasque
1407 884 1490 934 precer
1497 872 1623 922 uniuersus
1630 907 1637 933 ,
1645 878 1673 922 ut
1680 876 1818 935 qmnness
1825 885 1973 938 semperque
1981 874 2069 926 ίιιίιιιιει

475 956 572 1036 ἔχουσα
586 956 697 1013 διατελῶ
711 959 743 1033 τῇ
757 976 786 1011 τε
799 954 876 1011 πόλει
887 952 932 1011 καί
945 960 1026 1011 πᾶσιν
1040 956 1111 1026 ὑμῖν,
1123 950 1253 1024 τοσαύτην
1296 958 1502 1008 ιθνετευουτθειιι
1511 963 1650 1011 restramet
1659 974 1798 1012 νοοοιιιιιαε
1808 962 1994 1024 θεοειοίαιιίι,
2004 963 2071 1014 tal'sa

476 1043 590 1125 ὑπάρξαι
605 1065 650 1119 μοι
665 1043 728 1123 παρ’
748 1046 821 1119 ὑμῶν
840 1045 865 1108 ἐς
883 1040 983 1099 τουτονί
994 1039 1038 1100 τόν
1055 1042 1159 1118 ἀγῶνα,
1174 1039 1253 1098 ἔπειθ’
1296 1046 1365 1095 rubis
1376 1046 1435 1094 mibi
1447 1046 1471 1093 in
1483 1048 1595 1109 presenti
1606 1048 1738 1097 certamine
1749 1049 1875 1098 tribuatur
1888 1064 1896 1098 :
1908 1049 2070 1115 &intem

475 1129 540 1214 ὅπερ
550 1130 605 1190 ἐστὶ
614 1131 730 1208 μάλιστα
740 1130 847 1201 δίκαιον,
857 1134 932 1187 τοῦτο
938 1133 1109 1208 παραστῆσαι
1118 1126 1176 1195 τοῦς
1184 1126 1255 1193 θεοὺς
1294 1132 1455 1195 iustissimum
1467 1137 1519 1195 est,
1532 1146 1586 1183 eam
1602 1134 1672 1184 uobis
1688 1140 1796 1185 merrtem
1807 1135 1869 1186 dare
1880 1135 1957 1199 dees,
1969 1138 2071 1189 αιιθεσ·

476 1222 546 1299 ὑμῖν,
559 1219 603 1278 τδν
623 1218 670 1297 μὲν
689 1218 817 1276 ἀντίδικον
837 1226 938 1296 σιωπᾶν
956 1216 1079 1289 κελεύειν,
1098 1214 1145 1293 ἐμὲ
1160 1213 1202 1287 δὲ,
1220 1218 1255 1281 ὡς
1297 1222 1388 1271 surium
1397 1227 1474 1272 tacere
1481 1222 1600 1284 jubentis,
1610 1228 1748 1286 meqns‚nt
1759 1223 1785 1273 in
1797 1224 1913 1275 ιιιιίιιιιιιιι
1920 1225 2004 1275 intinxi
2011 1229 2071 1288 dune

475 1307 630 1390 προῄρημαι
656 1305 702 1365 καί
727 1304 904 1386 βεύούλημαι,
926 1303 973 1376 τήν
998 1304 1157 1383 κατηγορίαν
1178 1304 1255 1361 ἐᾶσαι
1296 1310 1442 1370 deliberavi,
1458 1310 1635 1361 accusationem
1651 1324 1762 1373 peragere
1777 1312 1921 1375 patianrini.
1954 1316 2005 1364 lion
2019 1314 2070 1364 iis·

475 1397 644 1469 ποιήσασθαι.
673 1391 867 1474 Οὐχίδὲταύτθι
876 1390 1033 1473 παρίσταταί
1042 1389 1254 1470 μοιγιγνόισκειν,
1296 1396 2071 1463 αιιῑειιιιιιίίιίεοιιῑίειιιίυιιιιίθείιιτ,φιιυωοθοειιιιιασόόσιι

475 1483 537 1543 όταν
549 1507 577 1543 τε
588 1486 612 1550 ἐς
624 1483 642 1541 θ
652 1481 769 1541 πέπονθα
781 1478 923 1559 ἀποόλέψω
932 1479 977 1537 καί
988 1479 1049 1537 όταν
1062 1481 1087 1545 ἐς
1095 1478 1155 1544 τοὺς
1163 1477 1256 1557 λόγους
1297 1483 1357 1532 milri
1365 1484 1481 1546 respicio,
1491 1489 1600 1546 etquum
1609 1483 1641 1533 ad
1651 1483 1807 1547 verba‚qnae
1815 1485 1902 1536 sudio.
1937 1487 2070 1538 verbani·

476 1572 519 1639 οῦς
537 1572 634 1631 ἀκούω·
647 1570 707 1637 τοὺς
726 1567 772 1648 μὲν
790 1568 841 1649 γάρ
861 1567 952 1645 λόγους
964 1570 999 1634 ὡς
1016 1566 1184 1645 ὁμοιοτάτους
1201 1570 1255 1633 τοῖς
1297 1586 1353 1635 qum
1364 1572 1414 1635 lpse
1425 1572 1490 1635 apud
1501 1585 1546 1622 ros
1557 1573 1641 1634 lauet,
1653 1586 1727 1636 quam
1739 1574 1867 1624 simillima
1876 1580 1953 1626 unns
1963 1576 2032 1632 mrim
2040 1589 2070 1625 res

476 1663 548 1739 ἐμοῖς
555 1659 597 1725 οθς
607 1658 683 1725 αὐτὸς
692 1659 745 1739 ἐρεῖ
753 1656 816 1738 πρὸς
826 1660 905 1733 ὑμᾶς,
914 1654 948 1713 τὰ
956 1652 984 1713 δὲ
991 1653 1136 1736 πράγματα
1146 1657 1170 1720 ἐς
1179 1659 1255 1712 τοῦτο
1297 1665 1377 1709 uuum
1384 1660 1536 1723 copertinere
1543 1660 1671 1722 ridebitis,
1682 1665 1709 1710 nt
1718 1662 1839 1725 omnino,
1846 1677 1879 1714 ne
1886 1663 2069 1728 qundmsirnb

475 1747 625 1828 προήκοντα
639 1746 745 1827 ἄφεσθε,
763 1744 831 1803 ὥστε
845 1742 914 1810 ὅπως
932 1742 968 1820 μὴ
987 1743 1074 1824 χεῖρόν
1087 1766 1112 1800 τι
1129 1741 1255 1818 πείσομαι
1297 1749 1435 1797 mmmmm
1443 1747 1622 1810 ubeocapium,
1632 1748 1831 1811 prospiciendum
1841 1751 1883 1800 siu
1918 1752 2068 1802 s'ennnt·

475 1834 541 1917 πρὸς
555 1837 633 1894 αὐτοῦ
645 1833 791 1915 σκέψασθαι
804 1832 870 1891 δέον.
912 1830 991 1891 Ἀλλά
1000 1829 1050 1911 γάρ
1062 1829 1104 1888 ίνα
1117 1830 1155 1908 μή
1165 1828 1256 1910 μακρά
1298 1847 1401 1897 verume
1409 1835 1479 1897 lunge
1487 1835 2067 1900 utsrexordiu,squa1amdudnmternoeeflffl‚

477 1922 703 2003 προοιμιάζωμαι,
718 1927 764 1980 τοῦ
778 1919 870 1987 ὕδατος
883 1920 967 1979 πάλαι
979 1921 1036 1989 εἰκῆ
1051 1917 1165 2000 ῥέοντος,
1179 1916 1256 1997 ἀρξο-
1297 1923 1473 1973 accusationem
1482 1922 1611 1985 aggrediar.

477 2034 526 2089 μαι
537 2016 584 2083 τῆς
595 2012 761 2091 κατηγορίας.

518 2112 565 2162 27.
588 2098 661 2178 Ἐγὼ
672 2098 722 2179 γὰρ
728 2142 736 2170 ,
749 2087 772 2156 ὦ
787 2097 877 2177 ἀνδρες
892 2094 1028 2166 δικασταὶ,
1044 2094 1145 2153 τουτονὶ
1160 2094 1255 2172 κομιδῇ
1329 2107 1367 2152 27.
1386 2106 1435 2164 Εςςο
1445 2103 1523 2165 enim,
1535 2103 1643 2165 judices,
1656 2104 1731 2154 istum
1744 2104 1882 2157 εθιιιοθιιιιι
1898 2107 2065 2167 mum,

477 2189 613 2270 μειράκων
624 2188 703 2258 ὄντα,
715 2185 846 2267 βάρόαρον
858 2182 896 2243 ἔτι
905 2182 953 2255 τήν
962 2180 1050 2265 φωνὴν
1060 2180 1105 2240 καί
1118 2180 1256 2260 μονονουχὶ
1298 2191 1379 2253 lingna
1387 2191 1466 2241 adbuc
1476 2191 1746 2252 barbarum,ettsntum
1754 2194 1910 2258 noneandpe
1918 2195 2065 2259 Assyrium

477 2278 573 2338 κάνδυν
587 2274 739 2337 ἐνδεδυκότα
759 2276 785 2341 ἐς
804 2274 848 2333 τὸν
862 2274 996 2353 Ἀσσύριον
1010 2270 1114 2353 τρόπον,
1133 2270 1195 2352 περί
1208 2270 1256 2340 τὴν
1298 2281 1421 2339 inclutum,
1433 2281 1495 2328 circa
1507 2279 1598 2329 lonium
1613 2279 1764 2330 oberrantem
1777 2280 1862 2332 adbuc
1873 2286 1900 2332 et
1915 2282 1974 2346 qu'ul
1987 2296 2010 2333 ιε
2019 2283 2064 2331 lm

477 2365 578 2427 ’Ἰωνίαν
585 2369 696 2447 εὑροῦσα
705 2361 866 2441 πλαζόμενον
876 2361 915 2420 ἔτι
922 2361 967 2420 καί
977 2359 1024 2419 ότι
1033 2358 1161 2440 χρήσαιτο
1171 2361 1256 2438 ἑαυτιῖ)
1299 2372 1335 2418 ret
1345 2367 1459 2428 dublum,
1471 2368 1575 2417 assumi
1584 2372 1657 2430 alque
1665 2368 1768 2418 institui.
1803 2372 1837 2420 Et
1848 2384 1928 2433 quum
1936 2370 2013 2421 ducilis
2020 2369 2064 2419 ἡ·

477 2456 524 2513 ούκ
542 2452 628 2513 εἰδότα
646 2450 841 2532 παραλαόοῦσα
865 2448 1015 2508 ἐπαίδευσα·
1034 2446 1080 2505 καὶ
1098 2445 1155 2504 ἐπεί
1173 2444 1257 2504 ἐδόκει
1299 2456 1419 2506 rideretur
1429 2469 1483 2505 esse
1494 2460 1518 2504 et
1529 2455 1626 2505 intentis
1642 2469 1681 2505 me
1692 2457 1771 2506 oculis
1783 2458 1908 2521 respicere
1923 2465 1989 2522 (tun
1999 2469 2064 2520 ιιαῃ

478 2563 522 2617 μοι
534 2538 649 2617 εὐμαθὴς
660 2530 726 2597 εἶναι
734 2538 780 2597 καί
792 2536 878 2603 ἀτενὲς
888 2540 951 2618 δρᾶν
963 2537 988 2601 ἐς
999 2533 1047 2612 ἐμί
1058 2569 1095 2579 -
1105 2532 1257 2605 ὑπέπτησσέ
1301 2544 1454 2593 reverebatur
1465 2557 1504 2593 me
1514 2543 1607 2605 adbuc,
1619 2548 1643 2593 et
1654 2544 1762 2606 colebat,
1771 2550 1799 2595 et
1808 2546 1889 2596 sulam
1897 2546 2063 2603 admirwl.

476 2652 504 2686 τε
516 2626 567 2707 γάρ
581 2626 620 2686 ἔτι
631 2625 689 2685 τότε
702 2626 747 2684 καί
762 2623 899 2706 ἐθεράπευε
910 2622 955 2682 καί
966 2622 1047 2700 μόνην
1061 2622 1204 2699 ἐθαύμαζεν
1218 2656 1257 2666 -
1299 2632 1389 2682 relictis
1397 2631 1482 2681 ceteris
1491 2632 1635 2694 quicumque
1645 2645 1683 2681 me
1692 2632 1822 2695 petulcam,
1832 2633 1939 2694 diuites,
1948 2634 2062 2690 absum,
2102 2665 2103 2670 =

478 2717 644 2774 &relucebunt
653 2712 712 2779 τοὺς
723 2713 816 2779 ἄλλους
829 2711 919 2770 δπόσοι
932 2709 1119 2788 ἐμνηστεύοντό
1131 2732 1165 2788 με
1174 2709 1256 2769 πλού·
1299 2723 1324 2768 et
1339 2718 1408 2768 claris
1424 2719 1567 2781 nlaioribus,
1580 2720 1672 2781 ingrate
1687 2733 1726 2769 me
1738 2719 1779 2770 isti
1796 2721 1959 2785 desponsavi,
1975 2720 2062 2786 μησί,
2102 2723 2103 2746 i

478 2825 529 2861 σιοι
542 2800 587 2859 καί
598 2799 673 2860 καλοὶ
683 2800 728 2857 καὶ
739 2798 857 2880 λαμπροί
867 2797 900 2856 τά
909 2797 1064 2878 προγονικά,
1074 2800 1112 2877 ‘esp
1122 2796 1258 2879 ἀχαρίστῳ
1299 2803 1408 2867 ignobili,
1417 2804 1514 2867 juveni,
1528 2804 1608 2855 ‹lutem
1617 2805 1719 2856 slierens
1729 2820 1777 2855 nnn
1787 2821 1906 2872 parram,
1916 2805 2062 2878 punitasah'*

477 2887 561 2969 τούτῳ
580 2885 696 2964 ἐμαυτήν
716 2885 843 2963 ἐνεγύησα
861 2884 951 2956 πένητι
972 2884 1016 2943 καί
1036 2886 1129 2965 ἀφανεῖ
1142 2883 1188 2942 καί
1207 2882 1258 2965 νέῳ
1300 2892 1561 2954 τσθίίωουεοιοιίυοεο
1576 2907 1583 2940 :
1598 2892 1684 2944 deinde
1693 2892 1726 2943 sd
1738 2894 1845 2945 tribules
1856 2896 1927 2946 illurn
1937 2893 2060 2947 mnus&

477 2984 573 3058 προῖκα
585 2978 614 3034 οὐ
630 2998 676 3052 μικ
693 2972 724 3032 δν
735 2972 959 3052 ἐπεσενεγκαμίνη
973 2970 1083 3040 πολλοῦς
1096 2970 1141 3031 καί
1155 2976 1258 3049 θαυμα-
1300 2984 1376 3041 ctum,
1383 2979 1541 3029 adventitium
1551 2980 1672 3031 bominem
1680 2981 2061 3047 tubulisinscripsbetra'renlsri:

478 3064 547 3131 σίους
557 3063 656 3143 λόγους·
669 2997 725 3121 circu
738 3064 874 3140 ἀγαγοῦσα
885 3060 961 3119 αὐτὸν
971 3062 996 3126 ἐς
1007 3060 1066 3127 τοὺς
1075 3058 1187 3140 φυλέτας
1200 3058 1258 3126 τοὺς
1300 3067 1360 3117 adeo
1368 3068 1441 3131 utqui
1450 3081 1492 3131 spe
1504 3069 1640 3131 nuptiarum
1650 3082 1759 3118 mearum
1767 3071 2061 3135 exciderantmpm.

478 3152 555 3231 ἐμοὺς
567 3149 753 3233 παρενέγραψα
765 3150 811 3208 καὶ
820 3150 899 3209 ἀστὸν
909 3149 1044 3230 ἀπέφηνα,
1053 3146 1121 3207 ὥστε
1130 3146 1189 3215 τοὺς
1201 3150 1258 3207 δια·
1301 3158 1383 3214 Quum
1399 3169 1456 3205 reru
1469 3156 1502 3205 illi
1518 3157 1598 3206 visum
1612 3160 1678 3206 esset
1692 3157 1823 3208 circumire
1835 3159 1868 3209 ad
1883 3158 1972 3212 divites
1984 3159 2061 3223 ψ

478 3239 656 3323 μαρτάνοντας
663 3244 709 3312 τῆς
719 3238 812 3318 ἐγγύης
820 3237 1016 3317 ἀποπνίγεσθαι.
1057 3235 1140 3306 Δόξαν
1151 3234 1179 3294 δέ
1186 3237 1258 3317 αὐτῷ
1300 3242 1467 3305 ostentandae,
1475 3256 1504 3292 ne
1515 3248 1565 3292 tum
1574 3243 1670 3307 quidem
1679 3242 1780 3294 destitui
1791 3260 1798 3294 τ
1809 3246 1854 3296 sed
1865 3246 2061 3312 ussermann

477 3332 637 3411 περινοστεῖν
655 3327 836 3407 ἐπιδειξομένῳ
857 3333 903 3387 τοῦ
925 3325 1012 3406 γάμου
1032 3323 1079 3398 τὴν
1100 3325 1257 3404 εὐποτμίαν,
1301 3337 1395 3393 secuta,
1409 3345 1505 3382 sursum
1520 3331 1633 3381 deorsum
1648 3331 1797 3383 circumduci
1809 3348 1849 3383 me
1865 3349 1951 3400 passa,
1967 3334 2061 3386 esum

477 3416 535 3476 οὐδὲ
551 3417 610 3476 τότε
627 3414 799 3498 ἀπελείφθην,
815 3415 885 3474 ἀλλά
903 3421 1038 3494 πανταχοῦ
1057 3412 1185 3492 ἑπομένη,
1204 3413 1259 3473 ἀνω
1300 3420 1369 3469 illum
1379 3426 1404 3469 et
1415 3419 1519 3469 nobilem
1529 3420 1636 3469 ornanln
1646 3424 1672 3470 st
1681 3423 1849 3484 componendo
1862 3422 1963 3475 reddidi
1992 3420 2061 3473 Ιειθε

477 3503 522 3563 καί
537 3503 611 3563 κάτω
625 3503 803 3582 περιαγομίνη
817 3502 863 3562 καί
875 3502 974 3562 κλεινὸν
987 3501 1064 3561 αὐτδν
1081 3501 1125 3561 καί
1140 3502 1258 3580 ἀοίδιμον
1302 3510 1352 3558 criu
1369 3521 1426 3557 vero
1443 3512 1500 3557 sunt
1510 3521 1566 3570 qum
1581 3521 1623 3570 per
1634 3510 1752 3559 Grmciaru
1763 3515 1839 3574 atque
1849 3512 1943 3563 leniam
1957 3510 1998 3560 issi
2011 3523 2017 3557 :
2030 3505 2060 3557 ssi

477 3590 580 3649 ἐποίουν
589 3597 794 3666 κατακοσμοῦσα
810 3590 855 3649 καὶ
869 3588 1088 3668 περιστελλουσα,
1101 3589 1146 3649 καί
1159 3589 1195 3648 τά
1210 3591 1257 3668 μίν
1301 3608 1375 3654 nuum
1387 3608 1429 3657 per
1440 3595 1531 3643 ltaliam
1543 3596 1685 3657 peregrinam
1698 3597 1783 3658 vellet,
1797 3599 1893 3647 lenium
1904 3596 2060 3648 cumeus'm

477 3678 522 3737 ἐπὶ
539 3682 585 3750 τῆς
601 3677 728 3745 Ἑλλάδος
746 3679 791 3737 καὶ
810 3683 855 3749 τῆς
868 3676 969 3745 Ἰωνίας
989 3677 1097 3758 μέτρια,
1111 3681 1137 3744 ἐς
1158 3676 1185 3736 δέ
1210 3677 1257 3750 τήν
1301 3683 1394 3743 trajeci,
1406 3687 1431 3732 et
1439 3682 1542 3746 denique
1551 3683 1574 3731 in
1582 3683 1696 3733 celticam
1706 3695 1782 3745 usque
1792 3697 1849 3733 cum
1861 3683 2059 3742 illumirennsu

478 3764 595 3826 Ἰταλίαν
603 3768 773 3843 ἀποδημῆσαι
781 3766 919 3836 θελήσαντι
927 3767 999 3846 αὐτῷ
1009 3764 1053 3823 τὸν
1063 3763 1152 3824 Ἰόνιον
1160 3765 1258 3823 συνδιέ·
1301 3770 1451 3831 lccupleturi.
1484 3777 1518 3819 Ac
1529 3769 1570 3818 tliu
1581 3770 1679 3833 quidem
1689 3784 1731 3833 per
1739 3771 1821 3818 unsnin
1830 3771 1893 3820 mibi
1902 3769 2058 3834 obsequebsiff.

476 3856 580 3913 πλευσα
597 3853 642 3913 καί
656 3854 689 3912 τά
706 3855 844 3912 τελευταῖα
864 3852 943 3934 μέχρι
961 3857 1008 3923 τῆς
1027 3854 1156 3923 Κελτικῆς
1174 3876 1255 3911 συνα-
1297 3854 1399 3912 eratque
1408 3864 1516 3910 meeum»
1529 3855 1555 3899 ¹¹²
1567 3862 1597 3899 ΗΘ
1608 3849 1682 3899 semel
1694 3848 1794 3912 quidem
1805 3850 1961 3900 imm·

478 3941 587 4024 usipetes
602 3944 765 4021 εὐπορεῖσθαι
779 3941 900 4012 ἐποίησα.
943 3942 997 4000 Καί
1009 3941 1088 4021 μέχρι
1101 3940 1147 4018 μὲν
1160 3944 1258 4000 πολλοῦ

478 4029 565 4089 πάντα
575 4053 620 4106 μοι
630 4029 745 4089 ἐπείθετο
756 4030 801 4088 καὶ
814 4035 893 4101 συνῆν
905 4029 945 4088 ἀεί
955 4030 1086 4107 μηδεμίαν
1096 4028 1176 4088 νύκτα
1192 4030 1259 4088 ἀπό-

478 4139 561 4183 κοιτος
573 4117 722 4195 γιγνόμενος
734 4117 796 4197 παρ’
810 4121 895 4194 ἡμῶν.

520 4214 565 4264 28.
588 4204 666 4264 Ἐπεί
681 4204 708 4263 δέ
721 4208 817 4271 ἱκανῶς
827 4204 992 4264 ἐπεσιτίσατο
1004 4205 1049 4263 καί
1062 4203 1096 4263 τά
1108 4204 1172 4286 πρὸς
1186 4207 1260 4263 εθδο-
1334 4219 1372 4264 28.
1396 4218 1477 4271 Quum
1496 4227 1554 4262 vero
1570 4215 1629 4262 satis
1645 4213 1691 4262 sibi
1704 4213 1754 4275 jam
1771 4214 1902 4265 viaticatus
1917 4227 1969 4264 esse
1982 4208 2058 4263 aresti

480 4287 535 4354 ξίαν
546 4281 575 4348 εθ
584 4290 653 4368 ἔχειν
664 4294 734 4372 αὐτῷ
745 4291 874 4364 eubaea,
885 4290 930 4360 τάς
940 4296 1018 4372 ὀφρῦς
1028 4292 1126 4374 ἐπάρας
1135 4293 1180 4351 καὶ
1190 4292 1258 4371 μέγα
1302 4302 1382 4364 gluriae
1399 4302 1486 4351 babere
1503 4301 1637 4362 ritlcrelur;
1654 4301 1756 4350 sublatis
1766 4303 1904 4365 superciliis
1916 4308 1940 4352 et
1950 4304 2020 4352 mnia
2031 4310 2059 4345 11·

479 4376 609 4454 φρονήσας
624 4381 686 4454 ἐμοῦ
700 4379 746 4457 μὲν
758 4379 891 4456 ἠμέλησε,
907 4383 1007 4457 μᾶλλον
1022 4378 1049 4438 δέ
1063 4379 1149 4439 τέλεον
1163 4380 1258 4453 εἴασεν,
1303 4391 1396 4452 perbis,
1415 4403 1454 4439 mc
1468 4390 1565 4452 quidem
1581 4390 1697 4451 neglexit,
1714 4390 1752 4438 vel
1770 4390 1852 4453 potius
1868 4390 1937 4454 pinne
1952 4385 2058 4439 mm:

479 4462 556 4530 αὐτὸς
570 4463 597 4521 δέ
608 4464 651 4523 τθν
663 4466 797 4545 γενειήτην
812 4470 918 4540 ἐκεῖνον,
930 4466 973 4525 τὸν
986 4467 1093 4526 ἀπὸτοῦ
1109 4468 1259 4547 σχήματος,
1303 4477 1573 4526 istumrembsrbatum
1582 4513 1589 4537 ‚
1598 4478 1671 4526 istum
1681 4477 1765 4526 babitu
1779 4478 1930 4527 noscendum
1939 4475 2013 4533 latiis,
2021 4471 2059 4523 lb

480 4550 524 4609 τδν
535 4552 673 4630 Διάλογον,
685 4554 847 4634 Φιλοσοφίας
858 4555 911 4614 υίθν
924 4546 990 4613 εἶναι
1001 4555 1149 4632 λεγόμενον,
1162 4560 1261 4636 ὑπερα-
1303 4565 1392 4628 iugum,
1401 4566 1443 4628 qui
1453 4565 1612 4627 Pbllosupluioe
1621 4563 1706 4613 dicitur
1717 4565 1791 4624 silius,
1799 4578 1873 4627 supra
1882 4564 2059 4614 medumstarat·

480 4639 602 4718 γαπήσας
610 4639 682 4717 μάλα
690 4643 818 4720 ἐρωτικῶς
828 4641 1001 4723 πρεσόύτερον
1010 4645 1089 4701 αὐτοῦ
1097 4642 1169 4714 όντα,
1177 4644 1261 4725 τούτῳ
1304 4655 1362 4704 turis
1373 4654 1456 4714 instar,
1468 4667 1494 4703 se
1506 4653 1560 4702 licet
1570 4653 1687 4702 scniurcm
1693 4688 1701 4714 ,
1714 4652 1813 4714 diligere
1824 4654 1914 4716 erepit,
1923 4666 1977 4703 cnm
1987 4651 2024 4700 bec
2031 4648 2060 4696 h·

480 4728 596 4800 σύνεστι,
608 4728 653 4787 καί
667 4731 714 4787 οῦκ
726 4728 878 4808 αἰσχύνεται
888 4729 935 4800 τήν
951 4729 997 4807 μὲν
1012 4723 1162 4811 ἐλευθερίαν
1172 4731 1218 4790 καί
1231 4732 1261 4789 τὸ
1304 4741 1345 4791 bel
1351 4740 1643 4803 consuetudinemmeque
1649 4740 1770 4790 erubescit
1777 4733 2060 4803 muniamini-tntis

481 4816 569 4875 ἄνετον
588 4820 640 4874 τῶν
659 4819 685 4875 ἐν
705 4816 763 4894 ἐμοὶ
781 4816 865 4895 λόγων
881 4817 1023 4897 συντεμὼν,
1039 4821 1064 4885 ἐς
1078 4817 1159 4899 μικρά
1173 4819 1201 4878 δὲ
1215 4820 1261 4879 καὶ
1304 4830 1328 4879 in
1343 4829 1423 4878 uerbis
1439 4828 1558 4887 solutum,
1569 4828 1705 4889 concidere,
1716 4831 1790 4891 utque
1806 4829 1830 4877 in
1843 4843 1944 4892 parvas,
1955 4828 2060 4878 indm

480 4905 636 4984 κομματικὰ
653 4905 811 4986 ἐρωτήματα
829 4905 1004 4973 κατακλείσας
1022 4909 1114 4965 ἑαυτὸν
1134 4907 1180 4966 καί
1203 4909 1261 4967 ἀντί
1304 4918 1387 4978 instar,
1403 4917 1640 4979 interrogatiunculas
1653 4930 1679 4966 se
1692 4917 1774 4979 ipsum
1789 4918 1944 4978 continuem
1955 4929 1982 4968 se
1994 4926 2031 4980 pm
2041 4924 2062 4958 θ)
2103 4892 2105 4977 ί

481 4999 526 5051 τοῦ
540 4992 625 5071 λέγειν
636 4993 652 5052 δ
663 5018 688 5053 τι
699 4992 821 5073 βούλεται
832 4992 1060 5075 μεγάλῃτῇφωνῇ
1091 4997 1179 5075 ραχεῖς
1190 5020 1262 5065 τινας
1304 5005 1368 5070 quod
1379 5006 1458 5056 dicere
1468 5004 1583 5066 debebat,
1595 5004 1709 5068 quicquid
1720 5005 1906 5069 rellet‚nrsgna
1918 5003 2063 5066 vocemus
2103 4980 2105 5091 ί

481 5080 572 5160 λόγους
587 5081 740 5141 ἀναπλέκων
752 5080 798 5140 καί
812 5080 983 5156 σνλλαθίζων,
998 5083 1045 5164 ἀφ’
1057 5106 1093 5140 ων
1109 5083 1199 5163 ἀθρόος
1214 5083 1261 5162 μέν
1305 5093 1423 5157 quosdam
1434 5106 1556 5143 sermones
1568 5097 1710 5152 conterere,
1726 5096 1752 5142 et
1768 5098 1885 5156 tanquam
1896 5086 2062 5155 suumn&
2104 5100 2105 5183 γ

482 5167 612 5251 ἐπαινοςῆ
626 5169 715 5251 κρότος
728 5169 807 5237 πολὺς
820 5172 867 5228 οὐκ
879 5168 910 5228 ἂν
922 5170 1094 5241 ἀπαντήσειεν
1108 5174 1193 5251 αὐτῷ,
1204 5196 1261 5248 μει-
1304 5182 1348 5232 bas
1360 5196 1367 5230 ι
1380 5195 1394 5231 s
1405 5181 1493 5244 quibus
1502 5182 1607 5232 mnlerta
1617 5180 1714 5244 quidem
1726 5180 1780 5229 lsus
1789 5185 1832 5230 unt
1843 5181 1943 5245 plausus
1951 5171 2063 5230 nullst

483 5255 565 5334 δίαμα
575 5258 740 5339 δίπαράτῶν
751 5258 895 5319 ἀκουόντων
903 5257 1174 5330 καλτδέπισεῖσαιτήν
1184 5261 1262 5341 χεῖρα
1304 5284 1352 5320 non
1364 5269 1473 5331 redierim
1489 5269 1530 5319 snl
1543 5269 1617 5329 illucl,
1629 5274 1656 5318 ut
1668 5269 1752 5319 lersiter
1763 5269 1886 5319 arridesnt
1896 5270 2021 5327 auditurus,
2032 5264 2064 5311 ⁸¹

483 5345 552 5411 ἐντὸς
569 5350 621 5404 τῶν
640 5344 705 5425 ὅρων
724 5346 769 5405 καί
790 5345 872 5427 μικρά
892 5350 1025 5405 ἐπινεῦσαι
1042 5352 1075 5426 τῇ
1095 5350 1197 5427 κεφαλῇ
1217 5348 1262 5407 καί
1306 5372 1416 5418 manunt,
1433 5358 1496 5407 intre
1509 5358 1622 5408 terminus
1636 5360 1729 5416 umen,
1742 5362 1870 5420 moveant,
1881 5354 2065 5423 mspsntnnrs

484 5433 647 5502 ἐπιστενάξαι
661 5436 713 5501 τοῖς
726 5435 881 5513 λεγομένοις.
922 5434 1164 5516 Τοιούτωνήράσθη
1180 5441 1262 5512 δγενε
1305 5446 1354 5509 pite
1372 5450 1490 5506 annuant,
1507 5453 1548 5495 aut
1563 5445 1595 5494 sd
1610 5458 1704 5508 usqum
1715 5445 1833 5494 dicuntur
1844 5445 2002 5509 ingenuwi-
2029 5442 2066 5490 lstr

484 5525 554 5585 snio<
568 5522 632 5596 ἐμοῦ
646 5523 854 5602 καταφρονήσας.
895 5523 971 5585 Φασὶ
986 5523 1012 5582 δὲ
1028 5523 1104 5582 αὐτὸν
1117 5521 1184 5601 μηδὲ
1197 5525 1262 5605 πρὸς
1305 5533 1423 5584 sirmam
1432 5546 1561 5596 generosus
1572 5533 1813 5594 ille,mecuntemta.
1847 5526 2067 5583 arunculeium
