4759 6600
403 712 459 766 ιω
884 703 1030 763 xxxiv.
1058 703 1330 765 aaaroaunn.
1361 714 1510 766 ω-οε.
1808 710 1965 790 (rimi-oi

402 832 457 894 ἀδιν
471 830 558 905 αύτδν,
571 820 594 891 ἀν
606 832 715 906 Δυκῖνε,
729 829 903 908 μεταπαίδευε
916 830 962 890 καί
976 831 1082 891 δίδασκε
1095 830 1112 890 δ
1125 830 1178 913 χρή
1221 846 1368 904 assumtum,
1378 842 1480 905 lyciae,
1490 842 1558 893 aliter
1566 842 1666 894 institue
1676 842 1970 910 etdoocqnaasmtm

402 921 495 1001 λέγειν.

442 1023 489 1073 22.
509 1011 596 1071 ltili.
618 1005 698 1068 Ούτω
707 1004 860 1084 ποιήσομεν,
872 995 893 1064 ri
905 1004 1026 1081 Σώπολι,
1037 1005 1178 1087 ἐπειδήπερ
1252 1023 1291 1067 22.
1308 1019 1377 1067 LYO.
1394 1018 1433 1068 sic
1449 1017 1578 1079 ἐοοίεωιιο,
1590 1018 1686 1082 sopoli‚
1697 1021 1935 1085 quandoquidem
1945 1037 1972 1072 κ,

405 1102 466 1179 ἡμῖν
478 1095 688 1182 προωδοποίηται
699 1095 733 1152 τδι
744 1093 817 1174 παρδι
832 1098 890 1152 σοῦ·
905 1094 950 1152 καὶ
964 1094 1028 1175 πρδς
1041 1094 1070 1154 σὲ
1080 1094 1110 1153 τὸ
1123 1097 1178 1153 λοι·
1222 1104 1284 1154 bisc
1297 1110 1320 1154 te
1331 1106 1421 1154 munita
1433 1110 1490 1154 est:
1510 1112 1582 1169 atque
1592 1100 1623 1157 ad'
1638 1111 1663 1157 te
1678 1107 1709 1158 de
1725 1114 1823 1172 cetero,
1839 1111 1974 1175 templum,

402 1179 494 1262 πδν,ῶ
508 1186 690 1267 Λεξίφανες,ή
706 1180 852 1260 συμόουλή.
894 1180 978 1263 Εἴπερ
990 1183 1030 1262 ἄρ’
1043 1183 1136 1250 ἐθέλεις
1144 1186 1179 1249 ῶς
1221 1192 1324 1255 pertinet
1336 1192 1476 1244 admonitio.
1508 1196 1533 1244 Si
1547 1196 1651 1245 volucris
1669 1198 1974 1257 verelaudarialrcratlont,

403 1281 506 1349 ἀληθῶς
520 1276 680 1335 ἐπαινεῖσθαι
694 1270 737 1329 ἐπί
750 1268 835 1347 λόγοις
845 1271 894 1327 κάν
906 1271 959 1335 τοῖς
968 1270 1092 1341 πλήθεσιν
1107 1272 1180 1328 εὖδο-
1221 1284 1246 1329 et
1256 1280 1279 1328 iu
1288 1280 1442 1330 multitudiue
1449 1281 1577 1344 celebrari,
1588 1284 1644 1332 talia
1653 1284 1752 1347 quidem
1759 1286 1841 1335 omnia
1848 1287 1976 1349 ingestam

405 1376 490 1445 κιμεῖν
506 1363 540 1423 τά
559 1362 606 1437 μὲν
626 1363 734 1418 τοιαῦτα
752 1357 838 1415 πάντα
859 1364 936 1438 ρεῶγε
950 1358 995 1417 καί
1016 1356 1178 1437 ἀποτρέπου,
1222 1379 1275 1415 sare
1288 1381 1294 1414 :
1307 1367 1370 1416 iacto
1378 1374 1459 1417 autem
1469 1369 1536 1417 initio
1549 1383 1565 1419 a
1579 1375 1703 1432 poetarum
1718 1374 1913 1438 optimis,quum
1925 1374 1975 1435 magt

406 1454 545 1536 ἀρξάμενος
560 1449 587 1509 δὲ
605 1446 657 1506 ἀπὸ
669 1450 721 1505 τῶν
735 1445 846 1526 ἀρίστων
857 1449 972 1518 ποιητῶν
984 1446 1029 1504 καί
1040 1447 1090 1504 ὑπὸ
1104 1446 1178 1504 διδα-
1222 1457 1326 1503 strorum
1335 1469 1406 1517 opera
1416 1457 1613 1519 coscoqnoveris,
1622 1458 1652 1507 ad
1662 1465 1770 1510 oratores
1780 1463 1977 1524 tranmaorumqre

405 1544 510 1609 σκάλοις
520 1536 613 1605 αὐτοὺς
623 1532 745 1614 ἀναγνοὺς
757 1532 840 1611 μέτιθι
851 1533 894 1592 ἐπί
905 1532 963 1602 τοὺς
973 1534 1083 1616 ῥήτορας
1092 1534 1178 1613 καίτῇ
1222 1542 1309 1604 linguae
1320 1543 1465 1606 innutritus,
1477 1544 1509 1593 ad
1527 1546 1674 1607 Thucydidis
1690 1551 1715 1596 et
1734 1548 1843 1598 Platonis
1854 1549 1923 1598 libros
1938 1555 1976 1598 tm

405 1631 508 1691 ἐκείνων
522 1631 593 1711 ρωνῇ
606 1622 757 1703 συντραφείς
771 1620 813 1679 ἐπὶ
824 1619 858 1679 τά
871 1621 1031 1682 Θουκυδίδου
1043 1623 1087 1681 καὶ
1102 1620 1177 1681 Πλά-
1223 1631 1317 1692 postire
1328 1631 1418 1693 transi,
1430 1633 1535 1682 multum
1551 1633 1576 1682 in
1587 1634 1688 1697 pulchra
1699 1634 1773 1684 ctiam
1791 1636 1906 1686 comoedia
1918 1642 1976 1686 etus

405 1742 483 1785 τωνος
494 1720 520 1776 ἐν
532 1718 615 1795 καιρῷ
625 1707 803 1790 μέτιθιπολλδι
814 1710 902 1789 καλιῇ
914 1711 982 1791 καλῇ
995 1710 1121 1790 κωμῳδία
1133 1708 1178 1768 καὶ
1221 1715 1298 1776 sinilia
1309 1718 1376 1778 gravi
1387 1717 1540 1768 exercitatus.
1572 1721 1609 1769 Ab
1620 1720 1729 1770 hisenim
1739 1723 1760 1771 si
1771 1723 1977 1787 puldierrimaqre

403 1808 527 1887 τῇσερινῇ
535 1801 667 1882 τραγῳδίᾳ
679 1796 1012 1878 ἐγγεγυμνασμένος·παρδι
1021 1796 1072 1877 γδρ
1080 1796 1178 1855 τούτων
1223 1817 1270 1866 que
1283 1804 1368 1854 ssorum
1385 1806 1460 1855 instar
1476 1805 1637 1870 decerpseris,
1649 1809 1696 1858 eric
1713 1810 1804 1874 aliquid
1823 1814 1848 1862 iu
1863 1812 1977 1876 εΙοιγιιιοοι

405 1895 510 1955 ἅπαντα
524 1889 557 1949 τδι
571 1888 699 1947 κάλλιστα
714 1884 920 1963 ἀπανθισάμενος
931 1883 978 1963 ἔσῃ
990 1910 1029 1953 τις
1042 1888 1068 1943 ἐν
1080 1883 1177 1963 λόγοις·
1222 1891 1315 1952 studio,
1327 1892 1370 1954 qui
1380 1906 1443 1942 nunc
1452 1893 1592 1957 imprudens
1603 1895 1688 1945 similis
1700 1897 1768 1947 luisti
1783 1898 1823 1948 liis
1834 1912 1888 1962 qaae
1899 1897 1976 1959 sipili

404 1988 440 2050 ῶς
452 1987 496 2040 νῦν
510 2001 540 2058 γε
554 1974 683 2045 ἐλελήθεις
700 1972 795 2032 σαυτὸν
808 1977 862 2040 τοῖς
875 1972 927 2031 ὑπὸ
943 1978 995 2032 τῶν
1010 1973 1178 2054 κοροπλάθων
1221 1978 1250 2027 ad
1262 1978 1415 2029 vendendum
1423 1981 1553 2042 finguntur,
1559 1983 1654 2033 rubrica
1662 1983 1905 2046 quidemaccaeaulco
1911 1986 1977 2051 ρίιίιυ,

405 2073 440 2138 είς
454 2068 502 2141 τὴν
514 2063 610 2146 ἀγορδιν
623 2059 809 2139 πλαττομένοις
822 2059 924 2134 ἐοικὼς,
938 2063 1117 2142 κεχρωσμένος
1130 2060 1177 2139 μὲν
1221 2080 1296 2130 quum
1306 2067 1368 2117 iutra
1378 2068 1457 2119 luteus
1469 2069 1503 2119 sis
1511 2073 1537 2118 et
1548 2070 1645 2133 fragilis.

404 2165 436 2239 τῇ
449 2157 532 2237 μίλτῳ
545 2154 590 2213 καλ
607 2154 644 2233 τῷ
660 2153 761 2232 κυανῷ,
775 2150 806 2208 τὸ
823 2149 845 2207 δ’
860 2146 960 2208 ἔνδοθεν
973 2148 1080 2222 πήλινός
1090 2173 1119 2208 τε
1132 2148 1177 2208 καί

404 2248 542 2328 εὔθρυπτος
553 2241 599 2300 ῶν.

445 2346 491 2396 23.
512 2329 578 2392 Ἐδιν
590 2332 673 2387 ταῦτα
686 2324 834 2407 ποιῇςὶπρδς
845 2323 931 2402 ὀλίγον
939 2323 983 2383 τδν
996 2323 1039 2383 ἐπὶ
1052 2327 1177 2404 τῇάπαι-
1252 2338 1290 2385 23.
1308 2338 1364 2385 llaec
1372 2336 1393 2385 si
1402 2336 1501 2400 feceris,
1511 2340 1535 2387 et
1542 2338 1646 2401 pauxillo
1656 2342 1763 2402 tempore
1770 2339 1869 2390 inscitie
1879 2341 1971 2405 repieta

404 2420 493 2501 δευσίογ
503 2419 609 2496 ἔλεγχον
620 2411 759 2490 ὑπομείνας
768 2411 813 2471 καί
826 2410 862 2489 μή
875 2412 998 2480 αἰδεσθείς
1010 2412 1177 2491 μεταμανθά·
1221 2422 1310 2472 sionem
1321 2424 1474 2486 sustinueris,
1484 2438 1562 2488 neqrre
1573 2425 1664 2475 discere
1675 2425 1706 2476 dc
1715 2440 1780 2476 novo
1792 2432 1817 2477 te
1827 2429 1911 2491 pudeat
1920 2438 1970 2476 :cun

403 2532 464 2581 νων,
476 2509 577 2587 θαρρῶν
592 2499 725 2579 ὁμιλήσεις
737 2503 792 2566 τοῖς
802 2499 913 2570 πλήθεσι
926 2499 971 2557 καί
984 2502 1013 2559 οὐ
1028 2502 1178 2578 καταγελα-
1222 2510 1307 2559 fiducia
1316 2510 1494 2561 multitudinem
1503 2512 1645 2575 alloqueris,
1653 2527 1732 2575 neque
1743 2514 1880 2566 deridebas
1886 2520 1969 2572 ulmus,

405 2596 490 2673 σθήσῃ
502 2592 590 2671 ὥσπερ
600 2595 644 2647 νῦν
658 2585 716 2646 οὐδὲ
726 2584 768 2644 διδι
780 2585 908 2662 στόματος
917 2586 960 2644 ἐπὶ
970 2591 1008 2667 τῷ
1017 2587 1115 2669 χείρονι
1125 2594 1179 2657 τοῖς
1221 2611 1299 2660 neque
1308 2598 1331 2647 iu
1341 2597 1482 2649 deteriorem
1494 2599 1620 2662 partemin
1630 2614 1671 2649 ore
1679 2602 1727 2651 eris
1738 2604 1969 2665 praestantissimum,

405 2682 519 2762 ἀρίστοις
535 2680 598 2758 ἔσῃ,
608 2674 729 2745 Ἕλληνα
749 2676 794 2732 καὶ
807 2673 921 2732 Ἀττικόν
936 2675 1135 2734 ἀποκαλούντων
1149 2701 1178 2737 σε
1221 2688 1330 2736 Graecum
1342 2690 1366 2736 te
1375 2687 1527 2749 Atticumque
1539 2701 1581 2750 per
1590 2692 1739 2737 contemtum
1750 2691 1969 2753 comsumptis

404 2769 449 2829 τὸν
468 2767 534 2847 μηδὲ
550 2762 688 2845 βαρὸαρνον
707 2764 733 2820 ἕν
753 2765 806 2828 τοῖς
824 2760 994 2843 σαφῑστσίνονς
1014 2766 1179 2847 ἀριθμεῖσθαι
1221 2786 1268 2837 quc
1277 2773 1301 2821 iu
1311 2773 1464 2823 barbarorum
1473 2773 1637 2825 disertissimis
1646 2778 1767 2826 numerari
1775 2777 1904 2840 fflgnusria
1926 2779 1968 2827 mir

406 2856 485 2926 ἄξιον.
526 2854 585 2935 Ilpa
603 2850 707 2909 πάντων
722 2849 748 2908 δὲ
766 2852 847 2908 ἐκεῖνο
865 2849 984 2927 μέμνησό
997 2876 1055 2929 μοι,
1075 2853 1111 2932 μή
1132 2879 1179 2933 μι-
1221 2862 1300 2912 omnia
1314 2862 1431 2912 verouoc
1445 2862 1504 2913 milri
1522 2868 1656 2925 memento,
1674 2877 1706 2914 ne
1724 2864 1825 2916 imiteris
1840 2866 1967 2930 sophum·

406 2946 510 3023 μεῖσθαι
523 2946 575 3001 τῶν
590 2939 674 3017 ὀλίγον
690 2935 741 3017 πρδ
755 2940 830 3014 ήμῶν
843 2937 987 3015 γενομένων
1001 2946 1127 3022 σοριστῶν
1144 2942 1179 3003 τδι
1221 2951 1262 3014 qui
1270 2951 1349 3014 paullo
1361 2954 1416 3001 autc
1427 2964 1471 3000 nos
1484 2950 1549 3001 luere
1560 2951 1677 3014 pessima,
1689 2950 1968 3016 ncqnccircnmrodtrffl,

406 3031 558 3114 φαυλότατα
567 3026 634 3106 μηδὲ
645 3024 797 3107 περιεσθίειν
808 3028 893 3084 ἐκεῖνα
904 3024 994 3108 ὥσπερ
1003 3034 1055 3101 νῦν,
1066 3029 1135 3089 ἀλλά
1145 3031 1179 3091 τδι
1222 3038 1257 3088 uti
1271 3052 1334 3088 nunc
1351 3037 1423 3100 iacis3
1435 3052 1519 3088 rerum
1532 3039 1588 3089 talia
1605 3040 1744 3102 conculoes,
1761 3042 1901 3106 exemplam
1910 3043 1967 3089 antu

406 3119 454 3199 μὲν
466 3125 573 3178 τοιαῦτα
582 3118 752 3186 καταπατεῖν,
765 3114 857 3184 ζηλοῦν
869 3111 897 3171 δέ
907 3111 941 3172 τδι
953 3108 1051 3196 ἀρχαῖα
1062 3122 1113 3177 τῶν
1126 3143 1179 3178 πα·
1221 3126 1318 3188 antiqua
1335 3125 1465 3176 aemuleris.
1497 3129 1580 3189 Neque
1597 3126 1750 3179 demulceant
1767 3133 1792 3180 tc
1808 3126 1966 3181 resumis

406 3205 596 3289 ραδειγμάτων.
638 3202 714 3275 Μηδέ
727 3224 757 3260 σε
768 3200 930 3278 θελγέτωσαν
943 3206 970 3261 αί
984 3205 1115 3281 ἀνεμῶναι
1126 3212 1178 3267 τῶν
1221 3212 1273 3262 dori
1288 3215 1313 3263 et
1323 3213 1407 3262 caduci
1422 3213 1510 3270 florosr
1524 3214 1567 3263 sed
1583 3228 1614 3264 ex
1623 3214 1674 3277 lege
1683 3216 1841 3280 athletarum,
1853 3209 1966 3268 mddmtil

405 3295 498 3375 λόγων,
508 3291 577 3355 ἀλλά
584 3289 654 3352 ’κατά
665 3290 708 3352 τὸν
720 3292 771 3349 τῶν
784 3291 902 3361 ἀθλητῶν
913 3290 992 3369 νόμον
1002 3295 1019 3364 ή
1033 3293 1128 3375 στερρά
1138 3319 1179 3356 σοι
1222 3300 1292 3351 cibus
1303 3307 1433 3351 consuetus
1444 3302 1476 3350 sit
1488 3317 1494 3351 ι
1506 3302 1612 3353 manime
1623 3316 1681 3353 vero
1692 3306 1783 3355 Gratiis
1800 3311 1825 3357 et
1836 3297 1966 3370 Pe'spirffl

404 3381 485 3465 τρορή
501 3383 612 3455 συνήθης
622 3379 704 3451 ίστω,
720 3378 834 3456 μάλιστα
851 3375 879 3436 δέ
890 3378 981 3459 χάρισι
992 3379 1037 3440 καί
1052 3383 1179 3465 σαρηνείρ
1221 3389 1302 3450 litato,
1315 3389 1429 3452 aquibus
1440 3389 1577 3452 longissime
1585 3391 1635 3453 iam
1648 3391 1746 3442 relictm
1756 3405 1818 3444 erar„

404 3476 462 3539 ffic,
472 3461 508 3529 ῶν
521 3469 647 3546 πάμπολυ
662 3466 720 3524 λίαν
731 3471 775 3524 νῦν
791 3465 955 3547 ἀπολέλειψο.

445 3569 492 3620 ²⁴·
516 3558 597 3619 Καίο
615 3561 692 3636 αῧοοσ
712 3551 739 3612 δὲ
752 3553 798 3613 καί
811 3558 828 3625 θ
843 3553 1009 3634 μεγαλαυχία
1027 3555 1073 3614 καί
1092 3561 1109 3628 ἦ
1130 3581 1179 3617 κα·
1252 3573 1289 3620 24.
1306 3571 1967 3633 Tumorveroctjactantia,etmalsoonsuetudo,rtpa

404 3645 510 3718 κοήθεια
529 3645 574 3704 καί
594 3643 624 3702 τὸ
643 3639 809 3722 βρενθύεσθαι
828 3641 873 3700 καί
892 3642 1053 3722 λαρυγγίζειν
1074 3644 1179 3705 ἀπέστω
1222 3656 1303 3705 vitatis
1313 3657 1352 3706 illa
1363 3670 1391 3705 ac
1400 3670 1493 3706 sonorae
1502 3656 1612 3706 dictionis
1623 3657 1744 3708 affectatio
1752 3659 1832 3721 absit,
1843 3654 1968 3709 etinscclttit

404 3735 449 3794 καὶ
469 3734 498 3794 τὸ
519 3731 702 3793 διασιλλαίνειν
720 3727 754 3788 τδι
773 3733 826 3787 τῶν
845 3728 932 3787 ἄλλων
952 3729 997 3788 καί
1018 3729 1117 3790 οἴεσθαι
1139 3733 1179 3791 ότι
1221 3745 1336 3804 aliorum,
1348 3748 1372 3793 ct
1390 3758 1420 3794 ne
1437 3748 1507 3808 putes
1524 3745 1627 3807 primum
1639 3750 1663 3796 te
1680 3747 1732 3796 lore
1748 3746 1843 3810 ipsum,
1860 3743 1967 3797 namu·

404 3827 505 3904 πρῶτος
522 3821 569 3901 ἔσῃ
591 3818 679 3889 αὐτὸς,
694 3815 726 3887 ἢν
739 3814 773 3874 σα
786 3814 891 3874 πάντων
914 3823 1082 3897 συκοφαντῇς.
1125 3821 1179 3880 Καὶ
1221 3833 1308 3895 scripta
1326 3831 1487 3881 calumnieris.
1519 3832 1612 3882 Etenim
1629 3832 1688 3882 illud
1705 3848 1803 3898 quoqne
1819 3849 1866 3885 non
1881 3843 1967 3898 pinu.

405 3911 457 3989 μήν
471 3913 576 3969 κάκεῖνο
590 3908 619 3965 ού
631 3902 733 3984 μικρὸν,
749 3903 847 3979 μᾶλλον
862 3899 889 3960 δέ
903 3901 933 3960 τὸ
949 3902 1070 3981 μέγιστον
1089 3907 1178 3989 ἆμαρ·
1221 3919 1262 3969 sed
1273 3920 1352 3981 potius
1361 3919 1492 3968 maximum
1501 3932 1599 3982 percas,
1610 3919 1673 3983 quod
1683 3934 1732 3969 non
1742 3922 1822 3984 puna,
1832 3919 1966 3986 quamtum,

403 3999 502 4071 σαίνεις,
517 3997 556 4056 ὅον
569 3998 597 4054 οὗ
612 3993 735 4074 πρότερον
752 3990 799 4059 νας
816 3990 929 4059 δνανσίας
943 3996 995 4051 τῶν
1009 3993 1101 4062 λε’ίεων
1112 4019 1178 4078 προ-
1221 4008 1350 4057 sentcntias
1362 4006 1405 4056 tilii
1417 4019 1553 4069 comparas,
1566 4006 1652 4056 deinde
1666 4009 1747 4058 verbis
1763 4008 1905 4060 exornandas
1915 4003 1967 4057 scd

403 4083 646 4168 παρεσκευασμένος
659 4082 749 4140 ἕσασα
765 4080 940 4156 κατακοσμεῖς
954 4083 1007 4147 τοῖς
1022 4081 1120 4163 ῥήμασι
1134 4084 1179 4143 καί
1221 4093 1354 4156 nibusque;
1364 4093 1596 4156 scdsiquarerbum
1607 4099 1675 4143 entra
1684 4109 1753 4144 snam
1759 4093 1967 4161 tdbnmqmsioim

403 4183 456 4241 τοῖς
469 4175 603 4252 ὀνόμασιν,
618 4170 686 4230 ἀλλὰ
700 4171 731 4241 ip
745 4189 795 4226 που
809 4171 880 4249 ῥῆμα
892 4167 999 4250 ἔκφυλον
1012 4169 1087 4251 εδρης
1103 4171 1179 4242 ήαύ-
1221 4195 1276 4231 rans
1290 4182 1421 4242 inveneris,
1439 4186 1480 4230 aut
1497 4182 1548 4244 ipse
1564 4182 1692 4231 confictum
1709 4196 1723 4232 α
1739 4186 1765 4233 te
1782 4185 1902 4247 pulchrum
1917 4183 1966 4245 pult·

403 4263 446 4330 at<
459 4261 625 4339 πλασάμενος
642 4262 729 4338 οἷηθῇς
742 4249 808 4315 εἶναι
826 4255 914 4327 καλὸν,
929 4257 1012 4336 τούτῳ
1026 4262 1109 4329 ζητεῖς
1123 4260 1179 4319 διά-
1221 4269 1298 4329 veris,
1311 4268 1366 4317 lruic
1377 4268 1460 4318 studes
1470 4273 1551 4331 aptare
1563 4271 1719 4330 sententiam,
1734 4277 1759 4321 et
1770 4272 1880 4322 damnum
1887 4269 1965 4335 Julius,

403 4373 475 4409 νοναν
496 4348 642 4431 ἕφαρμόσαν
657 4347 701 4405 καὶ
722 4344 817 4423 ζημίαν
839 4349 906 4423 ἡγῇ,
920 4342 950 4401 ἂν
972 4344 1008 4421 μὴ
1024 4348 1180 4426 παραόύσης
1221 4358 1242 4406 si
1254 4355 1311 4406 illud
1324 4371 1370 4406 non
1382 4356 1529 4419 aliquorsum
1539 4357 1662 4419 intercias,
1674 4358 1769 4409 etiamsi
1778 4360 1814 4421 ei,
1825 4360 1884 4425 qaod
1893 4357 1966 4412 liam

405 4437 469 4496 αὐτό
487 4460 553 4507 που,
575 4434 623 4493 κάν
639 4438 676 4514 τῷ
689 4430 821 4511 λεγομένῳ
844 4431 904 4508 μηδ’
921 4433 1060 4509 ἀναγκαῖον
1074 4424 1107 4512 ᾖ,
1127 4426 1179 4494 οἷον
1221 4445 1513 4507 planenecessariumuon
1528 4444 1572 4506 sit,
1586 4447 1832 4510 utnupertopdlma
1845 4446 1966 4508 iliada·

404 4525 495 4609 πρῴην
512 4523 555 4582 τὸν
573 4521 718 4600 θυμάλωπα
731 4518 788 4578 οὐδὲ
800 4517 873 4586 εἰδὼς
884 4518 900 4576 ό
913 4542 938 4576 τι
950 4518 1084 4595 σημαίνει,
1098 4522 1180 4603 ἀπέρ-
1221 4545 1299 4594 neque
1315 4530 1372 4594 quid
1390 4531 1530 4592 signiticaret
1542 4531 1629 4592 scires,
1642 4532 1777 4594 projecisti,
1788 4535 1847 4585 nihil
1859 4531 1966 4597 upum*

405 4619 481 4696 ριψας
490 4611 562 4672 οὐδὲν
573 4611 673 4670 ἐοικότα
682 4613 719 4688 τῷ
731 4607 903 4687 ὑποκειμένην.
946 4607 1032 4667 Καδοί
1045 4610 1092 4685 μὲν
1110 4612 1178 4669 ίδιῶ-
1221 4620 1372 4669 conveniens.
1404 4621 1482 4680 atque
1493 4619 1596 4681 imperiti
1607 4618 1706 4681 quidem
1718 4620 1965 4686 omnesohstupm

403 4725 447 4761 ται
469 4702 564 4767 πάντες
582 4697 739 4768 ἐτεθήπεσαν
762 4695 813 4754 ὑπὸ
832 4701 878 4754 τοῦ
896 4694 966 4763 ξένου
987 4697 1128 4774 πληγέντες
1145 4698 1178 4759 τδι
1221 4722 1297 4771 quuru
1307 4720 1381 4756 aures
1392 4707 1486 4755 illorum
1497 4707 1574 4755 feriret
1583 4707 1739 4770 peregrinitas
1751 4724 1758 4758 :
1771 4709 1815 4761 aad
1825 4708 1964 4761 maium*

403 4780 472 4849 ῶτα·
487 4792 511 4849 oi
528 4785 730 4863 πεπαιδευμένοι
745 4783 772 4842 δέ
785 4784 826 4842 ἐπ’
843 4784 1009 4864 άμρστέροις,
1022 4785 1066 4844 καὶ
1081 4786 1121 4846 σοί
1134 4788 1179 4847 καί
1220 4810 1281 4858 quc,
1290 4799 1314 4844 et
1326 4799 1348 4844 te
1359 4798 1383 4843 et
1394 4794 1528 4844 laudatores
1539 4794 1608 4857 illos,
1619 4785 1704 4844 risere?

403 4882 455 4945 τοῖς
467 4881 624 4945 ἐπαινοῦσιν,
638 4872 744 4952 ἐγέλων.

444 4975 491 5025 25.
507 4963 547 5024 Τὸ
564 4963 590 5021 δέ
607 4962 712 5020 πάντων
729 4956 986 5038 καταγελαστότατον
1003 4961 1085 5020 ἐκεῖνό
1101 4964 1179 5037 ἐστιν,
1253 4977 1289 5020 25.
1306 4971 1496 5019 Maximeautem
1504 4969 1630 5018 ridiculum
1638 4969 1697 5019 illud
1706 4976 1752 5034 est,
1760 4972 1964 5036 quoqqnuntt

403 5051 442 5110 ότι
457 5051 625 5131 ὑπεράττικος
640 5041 705 5108 εἶναι
718 5048 795 5115 ἀξιῶν
808 5046 854 5105 καί
867 5045 914 5117 τήν
929 5047 1016 5128 φωνήν
1036 5050 1071 5115 εἷς
1084 5049 1113 5107 τὸ
1131 5053 1178 5132 ἀρ·
1220 5058 1464 5108 omnosesseatucos
1475 5058 1593 5120 postules,
1605 5058 1671 5107 etad
1682 5060 1870 5123 antiquissimam
1877 5057 1963 5109 σεύατο·

402 5137 542 5217 χαιότατον
558 5134 775 5216 ἀπηκριύωμένος
789 5139 896 5192 τοιαῦτα
908 5134 981 5212 ἐνια,
996 5137 1095 5212 μᾶλλον
1108 5136 1134 5194 δέ
1146 5135 1179 5195 τδι
1220 5145 1323 5206 linguam
1338 5146 1479 5207 expulisse,
1492 5150 1570 5194 tanuen
1582 5145 1638 5194 talia
1650 5147 1776 5209 quadam,
1789 5137 1963 5212 munerant*

402 5226 514 5284 πλεῖστα
527 5223 739 5303 ἐγκαταμιγνύεις
754 5227 806 5289 τοῖς
817 5221 914 5299 λόγοις,
928 5221 945 5279 δ
958 5222 1025 5299 μηδὲ
1045 5227 1107 5289 παῖς
1121 5224 1179 5304 ἄρτι
1219 5232 1529 5292 rimaiurnriscesorationi,
1538 5228 1964 5296 quaenoquapoermododisoem'w

404 5310 539 5390 μανθάνων
563 5309 711 5387 ἀγνοήσειεν
735 5309 782 5368 άν·
804 5300 856 5368 οἷον
870 5310 954 5368 ἐκεῖνα
969 5312 1025 5375 πῶς
1043 5308 1091 5368 οἴει
1111 5311 1179 5368 κατὰ
1219 5334 1270 5369 rare
1282 5319 1358 5382 possit
1371 5333 1377 5366 ι
1391 5323 1419 5368 ut
1430 5319 1483 5379 illa,
1495 5319 1552 5381 qnid
1565 5324 1653 5382 putas?
1664 5325 1753 5370 terram
1763 5322 1822 5372 milii
1831 5313 1964 5377 himo?

403 5400 451 5471 γῆς
471 5398 544 5455 δῦναι
561 5396 682 5476 ηὐχόμην
705 5395 804 5454 άκούων
824 5419 869 5454 σου
889 5394 1112 5472 ἐπιδεικνυμένου,
1136 5395 1178 5455 ότε
1220 5409 1290 5466 baur,
1303 5419 1376 5469 quum
1395 5406 1501 5456 audirem
1518 5410 1556 5467 te,
1575 5407 1696 5470 specimen
1714 5409 1855 5473 eloquentie
1867 5404 1964 5457 εέεεΙεΙν

404 5480 524 5559 γιτιύνιον
536 5481 583 5543 μὲν
600 5482 645 5543 καί
658 5483 702 5542 τδυ
717 5485 831 5563 ἀνδρεῖον
842 5481 894 5563 ᾤου
906 5481 1042 5562 λέγεσθαι,
1054 5482 1178 5565 δουλάρια
1221 5493 1328 5557 χιτώνιον
1342 5492 1414 5542 etiam
1426 5492 1530 5541 virorum
1541 5489 1588 5540 dici
1600 5494 1700 5553 putare,
1714 5493 1824 5559 δουλάρια
1832 5495 1904 5544 auten
1913 5483 1965 5539 cb
