4759 6600
694 709 761 758 rs
1631 700 1740 757 lv.
1795 698 2011 757 Δικιι
2063 696 2643 758 ΦαΝιιΕΝΤαΝ.
2716 700 2741 748 1
2796 736 2870 745 -
2911 714 2966 763 3.

903 828 1035 877 Βάλλ’
1063 829 1224 887 οὕτως,
1241 830 1287 875 αἱ
1308 828 1385 877 κέν
1401 844 1443 876 τι
1462 827 1584 890 φόως
1606 827 1822 890 ἄνδρεσσι
1842 828 2022 888 γένηαι.

679 940 895 1022 Ὥσπερ
918 942 1018 1023 γὰρ
1042 945 1088 1000 οἱ
1113 947 1204 1000 τοῦ
1227 940 1465 1022 Φρυγίου
1491 943 1653 1000 αὗλοῦ
1679 941 1947 1008 ἀκούοντες
1972 944 2029 998 οὗ
2059 940 2252 1007 πάντες

683 1029 987 1105 μαίνονται,
1020 1032 1135 1089 ἀλλ’
1165 1029 1343 1088 ὁπόσοι
1384 1030 1556 1087 αὐτῶν
1595 1034 1660 1109 τῇ
1696 1028 1826 1111 Ῥέᾳ
1852 1027 2246 1108 λαμὸάνονται,

680 1109 819 1175 οὗτοι
849 1117 901 1177 δὲ
931 1120 1060 1197 πρὸς
1100 1118 1158 1175 τὸ
1184 1117 1336 1195 μέλος
1376 1116 1868 1195 ὑπομιμνήσκονται
1903 1122 1995 1175 τοῦ
2033 1117 2248 1188 πάθους,

677 1201 813 1263 οὕτω
853 1206 945 1265 καὶ
971 1211 1017 1265 οἱ
1056 1204 1346 1285 φιλοσόφων
1377 1202 1648 1271 ἀκούοντες
1671 1206 1729 1263 οὗ
1749 1203 1942 1272 πάντες
1969 1202 2130 1263 ἔνθεοι
2159 1203 2249 1262 καὶ
2289 1246 2290 1249 ¹

678 1292 996 1371 τραυματίαι
1034 1291 1270 1362 α’πίασιν,
1305 1292 1420 1351 ἀλλ’
1460 1282 1533 1358 οἷς
1561 1296 1697 1362 ὑπῆν
1724 1315 1774 1350 τι
1813 1294 1866 1349 ἐν
1888 1296 1954 1370 τῇ
1983 1290 2136 1371 φύσει
2164 1314 2249 1371 φι-

676 1378 923 1459 λοσοφίας
958 1378 1220 1459 συγγενές.

760 1479 854 1528 38.
906 1470 1100 1529 E'l'Ai.
1148 1468 1239 1535 Ὡς
1270 1467 1436 1544 σεμνὰ
1473 1468 1563 1525 καὶ
1597 1466 1868 1543 θαυμάσια
1895 1467 1987 1524 καὶ
2017 1467 2130 1525 θεῖά
2159 1490 2247 1545 γε,

675 1543 719 1612 ὦ
771 1557 970 1634 έταῗρε,
1021 1555 1353 1628 διελήλυθας,
1405 1554 1660 1627 έλελήθεις
1703 1553 1759 1613 τέ
1808 1577 1874 1632 με
1928 1555 2125 1625 πολλῆς
2178 1558 2249 1621 ὡς

676 1642 878 1712 ἀληθῶς
893 1645 986 1713 τῆς
1005 1642 1294 1724 άμὸροσίας
1313 1641 1403 1702 καὶ
1418 1648 1507 1701 τοῦ
1523 1643 1691 1700 λωτοῦ
1706 1641 2097 1721 κεκορεσμένος·
2109 1641 2246 1702 ὥστε

675 1728 762 1786 καὶ
793 1729 989 1806 μεταξὺ
1033 1736 1125 1791 σοῦ
1156 1730 1391 1809 λέγοντος
1429 1728 1664 1809 ἔπασχόν
1691 1752 1743 1787 τι
1772 1731 1825 1788 ἐν
1852 1735 1918 1811 τῇ
1947 1733 2120 1811 ψυχῇ,
2154 1729 2246 1789 καὶ

674 1816 1015 1895 παυσαμένου
1045 1818 1275 1899 ἄχθομαι
1305 1818 1393 1877 καὶ
1417 1815 1502 1877 ἵνα
1530 1817 1593 1878 δὴ
1616 1817 1707 1878 καὶ
1731 1817 1869 1877 κατὰ
1890 1816 1948 1877 σὲ
1979 1817 2140 1889 εἴπω,
2168 1818 2247 1877 τέ-

674 1923 908 1983 τρωμαι·
938 1904 1028 1965 καὶ
1060 1904 1133 1984 μὴ
1175 1906 1477 1986 θαυμάσῃς·
1513 1897 1661 1965 οἶσθα
1693 1905 1798 1986 γὰρ
1821 1906 1899 1965 ὅτι
1923 1907 2013 1965 καὶ
2041 1910 2089 1966 οἱ
2119 1906 2248 1988 πρὸς

675 1992 777 2049 τῶν
802 1995 970 2053 κυνῶν
1015 1998 1119 2055 τῶν
1145 1993 1450 2055 λυττώντων
1481 1994 1756 2074 δηχθέντες
1788 1997 1881 2055 οὐκ
1918 1994 2067 2054 αὐτοὶ
2098 1994 2247 2073 μόνοι

673 2079 950 2150 λυττῶσιν,
976 2083 1112 2143 ἀλλὰ
1134 2082 1232 2144 κάν
1256 2105 1398 2151 τινας
1419 2082 1622 2166 ἑτέρους
1637 2084 1726 2142 καὶ
1747 2083 1895 2143 αὐτοὶ
1917 2085 1970 2142 έν
1994 2088 2060 2165 τῇ
2082 2084 2247 2167 μανίᾳ

672 2165 732 2227 τὸ
761 2167 889 2229 αὐτὸ
924 2176 1078 2232 τοῦτο
1122 2174 1366 2244 διαθῶσι,
1396 2172 1486 2233 καὶ
1518 2164 1658 2233 οὗτοι
1687 2172 1928 2255 ἔκφρονες
1962 2172 2244 2252 γίγνονται·

672 2257 1089 2336 συμμεταὸαίνει
1117 2260 1218 2342 γάρ
1242 2284 1292 2321 τι
1321 2266 1412 2322 τοῦ
1435 2259 1632 2329 πάθους
1661 2260 1776 2340 ἅμα
1799 2265 1875 2343 τῷ
1895 2260 2127 2340 δήγματι
2154 2260 2246 2319 καὶ

672 2345 1037 2424 πολυγονεῖται
1070 2354 1103 2421 ἡ
1138 2349 1285 2416 νόσος
1323 2350 1413 2408 καὶ
1451 2349 1622 2420 πολλὴ
1658 2350 1891 2427 γίγνεται
1926 2352 2021 2419 τῆς
2058 2347 2250 2425 μανίας

673 2434 912 2516 διαδοχή.

758 2525 976 2586 ΛϋΥΚ.
1020 2527 1228 2586 (ὶὺκοῦν
1249 2524 1338 2585 καὶ
1359 2524 1513 2593 αὐτὸς
1529 2530 1659 2603 ἡμῖν
1683 2529 1808 2608 ἐρᾶν
1827 2528 2124 2605 ὁμολογεῖς;

758 2610 951 2671 1·“.’1Ὰ1.
1001 2610 1151 2671 ΙΙάνυ
1200 2610 1294 2690 μέν
1330 2603 1438 2676 οὖν.
1472 2611 1560 2672 καὶ
1592 2614 1807 2695 προσέτι
1839 2613 2026 2692 δέομαί
2059 2612 2119 2692 γέ
2152 2601 2245 2672 σου

671 2693 846 2768 κοινήν
870 2719 984 2756 τινα
1009 2696 1104 2770 τὴν
1129 2699 1406 2779 θεραπείαν
1437 2701 1681 2762 ἐπινοεῖν.

757 2786 973 2847 mvii.
1013 2785 1093 2847 Τὸ
1116 2791 1206 2846 τοῦ
1233 2789 1332 2870 dp«
1361 2787 1605 2870 Τηλέφου
1636 2788 1841 2869 ἀνάγκη
1869 2797 2054 2848 ποιεῖν.

759 2873 949 2937 Ι·“.’1Ὰ1ζ
998 2874 1157 2935 ΙΙοῗον
1190 2866 1255 2936 αὖ
1279 2876 1475 2953 λέγειςς

756 2961 973 3023 ΛθὶΊί.
1022 2960 1144 3024 Ἐπὶ
1172 2963 1257 3022 τὸν
1285 2965 1559 3047 τρώσαντα
1591 2966 1831 3033 ε’λθόντας
1865 2968 2040 3025 ἰᾶσθαι
2069 2987 2246 3044 παρα-

673 3047 866 3110 καλεῖν.

1408 3349 1506 3409 lv.

1101 3507 1169 3565 ΔΙ
1185 3509 1281 3567 iili
1329 3510 1821 3569 ΦΩΝΗΕΝΤΩΝ.

742 3668 752 3710 t
769 3699 777 3709 .
798 3661 901 3711 Ἰἑπὶ
914 3661 1133 3726 άρχοντος
1148 3663 1440 3728 Ἀριστάρχου
1450 3665 1719 3728 Φαληρέως,
1734 3664 2059 3724 Πυανεψιῶνος
2069 3659 2242 3722 ἑὸδόμῃ

671 3734 919 3798 ἱσταμένου
933 3767 946 3793 ,
972 3734 1146 3798 γραφὴν
1171 3734 1297 3783 έθετο
1320 3736 1374 3784 τὸ
1399 3738 1554 3797 Σῖγμα
1574 3736 1687 3797 πρὸς
1714 3734 1769 3782 τὸ
1789 3735 1889 3781 Ταῦ
1913 3732 2101 3780 ἐπὶτῶν
2124 3730 2242 3778 ἑπτὰ

670 3807 956 3864 Φωνηέντων
979 3804 1082 3868 βίας
1114 3805 1421 3868 ὑπαρχόντων
1443 3805 1525 3853 καὶ
1553 3805 1792 3868 ἁρπαγῆς,
1821 3801 2080 3864 ἀφῃρῆσθαι
2109 3801 2242 3861 λέγον

669 3875 855 3927 πάντων
873 3881 966 3925 τῶν
986 3876 1032 3926 έν
1047 3876 1196 3939 διπλῷ
1212 3880 1302 3924 ταῦ
1322 3875 1656 3938 ἐκφερομένων.

753 4013 805 4064 il.
854 4000 1027 4081 Μέχρι
1050 3999 1162 4077 μὲν,
1185 3989 1229 4059 ὦ
1258 3998 1550 4070 Φωνήεντα
1578 3995 1838 4066 δικασταὶ,
1862 3990 2021 4072 ὀλίγα
2043 3993 2242 4064 ἠδικού·
2282 4058 2283 4061 ¹

671 4113 775 4167 μην
805 4090 906 4150 ὑπὸ
933 4089 1137 4149 τουτουὶ
1165 4095 1254 4148 τοῦ
1283 4093 1382 4147 ταῦ
1413 4082 1826 4166 καταχρωμένου
1854 4089 1959 4148 τοῖς
1982 4083 2125 4159 ἐμοῖς
2146 4081 2238 4141 καὶ

669 4179 1001 4261 καταίροντος
1030 4178 1151 4237 ἔνθα
1175 4178 1249 4254 μὴ
1271 4179 1373 4249 δεῖ,
1403 4179 1461 4236 οὐ
1481 4173 1680 4256 βαρέως
1708 4172 1886 4253 ἔφερον
1910 4169 2007 4243 τὴν
2032 4171 2238 4252 βλάὸην

668 4268 759 4327 καὶ
787 4267 1086 4348 παρήκουον
1117 4266 1229 4324 ἔνια
1257 4269 1362 4323 τῶν
1387 4260 1682 4343 λεγομένων
1713 4259 1814 4318 ὑπὸ
1841 4263 1934 4330 τῆς
1963 4258 2239 4339 μετριότη-

666 4379 778 4427 τος,
799 4358 862 4430 ἣν
880 4355 991 4415 ἴστε
1019 4380 1085 4432 με
1109 4354 1440 4434 φυλάσσοντα
1460 4351 1590 4432 πρός
1611 4372 1667 4407 τε
1694 4352 1829 4426 ὑμᾶς
1851 4344 2052 4413 καὶτὰς
2077 4346 2239 4413 ἄλλας

666 4444 935 4512 συλλαὸάς
952 4468 963 4481 ’
996 4443 1109 4503 ἐπεὶ
1137 4442 1192 4502 δὲ
1231 4447 1282 4508 ἐς
1309 4445 1554 4500 τοσοῦτον
1594 4437 1713 4508 ἥκει
1741 4432 2035 4501 πλεονεξίας
2060 4457 2118 4492 τε
2147 4434 2237 4492 καὶ
2321 4515 2438 4552 vero
2455 4514 2513 4549 eo
2530 4499 2742 4549 avaritiae
2761 4502 2811 4547 et
2827 4496 3049 4560 amentiae
3066 4491 3308 4557 pervenit,
3339 4493 3393 4539 ut
3412 4502 3506 4538 non
3531 4487 3679 4538 modo
3708 4502 3807 4539 non
3835 4490 3898 4542 sit

667 4534 868 4604 ἀνοίας,
898 4532 1032 4592 ὥστε
1063 4533 1141 4614 ἐφ’
1168 4522 1240 4598 οἷς
1269 4528 1517 4608 ἡσύχασα
1544 4523 1824 4596 πολλάκις,
1855 4525 1947 4581 οὐκ
1985 4525 2235 4601 ἀγαπῶν,

665 4625 782 4684 ἀλλ’
810 4624 911 4696 ἤδη
935 4623 1024 4682 καὶ
1047 4621 1213 4680 πλείω
1239 4617 1643 4702 προσὸιάζεται,
1669 4609 1969 4690 ἀναγκαίως
1993 4609 2122 4668 αὐτὸ
2149 4613 2235 4668 εὗ-

665 4712 801 4773 θύνω
828 4719 916 4772 νῦν
942 4711 1089 4792 παρὰ
1125 4718 1229 4776 τοῖς
1263 4703 1533 4787 ἀμφότερα
1569 4699 1756 4760 εἰδόσιν
1796 4702 1937 4777 ὑμῖν.
2021 4696 2147 4764 Δέος
2181 4698 2234 4756 δὲ

665 4803 724 4861 οὗ
755 4801 939 4882 μικρόν
967 4823 1055 4877 μοι
1083 4798 1169 4857 ἐπὶ
1189 4801 1281 4869 τῆς
1302 4791 1628 4872 ἀποθλίψεως
1651 4786 1930 4868 ἐπέρχεται
1956 4789 2049 4879 τῆς
2072 4787 2235 4863 ἐμαυ-

663 4895 754 4950 τοῦ
769 4913 780 4925 ·
801 4886 912 4954 ’τοῖς
932 4880 1546 4968 γὰρπροπεπραγμένοις
1571 4876 1654 4936 ἀεί
1675 4900 1727 4935 τι
1756 4877 1930 4953 μεῖζον
1959 4871 2234 4954 προστιθὲν

666 4979 829 5061 ἄρδην
862 5001 928 5054 με
955 4980 1048 5047 τῆς
1076 4972 1268 5039 οἰκείας
1294 4968 1572 5050 ἀποθλίψει
1607 4964 1810 5047 χώρας,
1835 4966 1904 5030 ὥς
1929 4962 2103 5042 ὀλίγου
2129 4963 2232 5020 δεῖν

664 5067 891 5147 ἡσυχίαν
920 5063 1183 5144 ἀγαγόντα
1209 5058 1343 5138 μηδὲ
1375 5061 1428 5117 ἐν
1459 5055 1766 5137 γράμμασιν
1793 5054 2151 5133 ἀριθμεῖσθαι,
2181 5050 2234 5106 ἐν

666 5155 765 5236 ἴσῳ
789 5155 843 5214 δὲ
872 5154 1076 5213 κεῖσθαι
1092 5157 1183 5209 τοῦ
1213 5149 1398 5230 ψόφου.

748 5258 802 5304 3.
846 5243 1059 5302 Δίκαιον
1090 5230 1178 5300 οὖν
1210 5238 1483 5317 οὗχ”ὓμᾶς,
1512 5232 1562 5290 οἳ
1589 5230 1818 5299 δικάζετε
1846 5233 1954 5299 νῦν,
1979 5223 2117 5284 ἀλλὰ
2143 5225 2234 5283 καὶ

665 5329 735 5389 τὰ
759 5329 920 5388 λοιπὰ
942 5328 1236 5410 γράμματα
1263 5328 1358 5396 τῆς
1379 5321 1561 5401 πείρας
1589 5318 1727 5398 ἔχειν
1755 5314 1871 5374 τινὰ
1894 5312 2158 5395 φυλακήν·
2188 5315 2233 5371 εἰ

665 5414 769 5496 γὰρ
805 5415 1005 5484 ἐξέσται
1036 5420 1140 5482 τοῖς
1176 5409 1504 5494 βουλομένοις
1546 5406 1649 5466 ἀπὸ
1686 5409 1779 5477 τῆς
1815 5403 1931 5463 καθ’
1967 5399 2101 5460 αὑτὰ
2135 5398 2232 5458 τά·
2279 5470 2280 5473 ¹

667 5507 791 5575 ξεως
810 5508 859 5570 ἐς
878 5505 1157 5584 ἀλλοτρίαν
1183 5502 1447 5582 βιάζεσθαι
1468 5497 1723 5556 καὶτοῦτο
1743 5489 2043 5573 ἐπιτρέψετε
2059 5488 2231 5564 ὑμεῖς,

3684 710 3766 785 (⁸⁰
3793 744 3823 755 ·
3851 716 3923 789 υ)

2543 828 2617 873 Sic
2632 831 2759 884 jace,
2781 832 2820 875 si
2843 842 2938 887 qua
2959 833 3071 878 viris
3091 845 3174 890 per
3195 837 3241 880 te
3263 848 3386 881 nova
3410 838 3490 882 lux
3513 839 3709 883 oriatur.

2340 944 2764 999 Quemadmodum
2796 949 2925 997 enim
2957 952 3044 1012 qui
3064 951 3319 1014 Phrygiam
3353 953 3521 1003 tibiam
3553 956 3789 1017 audiunt,
3827 972 3929 1009 non

2336 1044 2507 1081 omnes
2528 1035 2577 1081 in
2597 1033 2807 1084 furorem
2828 1041 3110 1101 vertuntur,
3132 1039 3218 1089 sed
3235 1043 3476 1105 quotquot
3493 1043 3706 1105 ipsorum
3726 1058 3762 1094 a
3782 1047 3925 1098 Rhea

2335 1119 2659 1184 corripiuntur
2671 1157 2687 1183 ‚
2704 1129 2742 1178 ii
2754 1140 2868 1177 vero
2879 1128 3047 1179 audito
3060 1128 3297 1189 mrmine,
3317 1131 3488 1193 prioris
3507 1131 3708 1183 affectus
3725 1136 3929 1185 remini·

2336 1213 2536 1257 scuntur
2556 1224 2570 1258 :
2592 1211 2659 1259 ita
2685 1215 2834 1276 etqui
2855 1214 3163 1279 philosophos
3181 1218 3385 1267 audiunt
3400 1254 3416 1280 ,
3444 1232 3541 1269 non
3563 1233 3736 1271 omnes
3760 1236 3793 1271 a
3824 1224 3928 1274 deo

2337 1295 2553 1359 inspirati
2571 1311 2628 1347 ac
2647 1301 2797 1349 saucii
2824 1301 3037 1364 abeunt;
3071 1307 3158 1354 sed
3191 1305 3258 1354 illi
3278 1306 3463 1369 solum,
3491 1321 3698 1371 quorum
3725 1310 3931 1373 ingenio

2334 1383 2567 1443 quiddam
2586 1387 2903 1451 philosophiae
2920 1396 3176 1451 cognatum
3197 1394 3380 1444 subest.

2398 1477 2472 1521 38.
2507 1477 2612 1523 ΑΜ.
2645 1477 2803 1533 Quam
2830 1478 2994 1540 gravia
3014 1484 3064 1529 et
3090 1480 3404 1532 admiratione
3429 1482 3571 1547 digna
3598 1490 3647 1534 et
3670 1486 3875 1549 divina,
3898 1504 3935 1539 ο

2332 1569 2504 1631 amice,
2524 1575 2936 1624 commemorasti!
2957 1582 3233 1640 quantaque
3251 1592 3414 1629 revera
3439 1580 3681 1631 ambrosia
3694 1618 3712 1644 ,
3733 1590 3936 1647 quanio

2333 1667 2436 1714 loto
2449 1668 2696 1717 saturatus
2709 1706 2724 1730 ,
2739 1682 2818 1719 me
2833 1670 2980 1720 inscio
2991 1707 3007 1731 ,
3024 1672 3155 1723 fuisti
3172 1676 3186 1722 i
3209 1678 3368 1733 Quare
3380 1680 3431 1725 et
3449 1680 3497 1727 te
3512 1676 3705 1729 dicente
3716 1715 3733 1740 ,
3754 1681 3937 1733 animo

2333 1764 2701 1825 commovebar,
2732 1771 2780 1814 et
2807 1780 2935 1816 nunc
2961 1767 3235 1830 desinente,
3271 1782 3473 1820 moerore
3503 1770 3719 1835 afficior,
3757 1779 3838 1837 et,
3869 1782 3937 1827 ut

2334 1859 2434 1908 tuis
2452 1861 2615 1910 verbis
2635 1866 2760 1923 utar,
2779 1866 2975 1914 saucius
3002 1878 3131 1915 sum.
3196 1869 3368 1935 Neque
3381 1880 3496 1917 vero
3519 1868 3711 1919 mireris
3738 1885 3753 1920 ε
3790 1874 3937 1924 nosti

2333 1956 2464 2005 enim
2486 1970 2572 2007 eos
2589 1993 2604 2018 ,
2624 1959 2709 2021 qui
2726 1973 2755 2008 a
2779 1961 2984 2011 canibus
3003 1960 3207 2011 rabiosis
3225 1962 3506 2013 mordentur
3518 1999 3534 2025 ,
3554 1978 3653 2014 non
3676 1966 3820 2017 solos
3850 1982 3935 2019 ra·

2333 2053 2413 2102 bie
2435 2055 2637 2118 corripi,
2658 2055 2745 2105 sed
2764 2062 2814 2106 et
2831 2058 2874 2106 si
2892 2072 3016 2121 quos
3034 2058 3153 2108 alios
3173 2058 3264 2122 ipsi
3282 2059 3331 2108 in
3350 2072 3408 2109 ea
3425 2060 3611 2111 insania
3632 2066 3936 2117 momorde-

2334 2150 2457 2211 rint,
2481 2152 2628 2203 etiam
2652 2153 2759 2203 illos
2778 2159 2940 2205 mente
2957 2155 3098 2217 dejici
3117 2159 3263 2217 atque
3287 2156 3335 2204 in
3356 2156 3565 2207 furorem
3585 2160 3717 2209 verti
3741 2162 3935 2214 solere.

2296 2283 2297 2291 ,
2334 2249 2456 2296 Nam
2475 2248 2619 2298 simul
2634 2263 2745 2299 cum
2760 2264 2924 2300 morsu
2940 2252 3088 2301 etiam
3107 2252 3261 2301 morbi
3279 2253 3420 2303 istius
3436 2254 3670 2316 quiddam
3691 2256 3747 2307 in
3765 2258 3934 2311 alium

2333 2346 2619 2397 transfertur
2654 2353 2703 2396 et
2736 2355 3041 2413 propagatur,
3080 2350 3229 2413 litque
3254 2350 3453 2401 insaniae
3482 2352 3629 2403 istius
3650 2356 3931 2421 multiplex

2335 2445 2600 2494 successio.

2397 2534 2535 2582 LUc.
2576 2537 2745 2597 itaque
2765 2534 2909 2583 etiam
2933 2535 3037 2597 ipse
3058 2535 3197 2584 nobis
3213 2534 3313 2596 jam
3335 2547 3494 2585 amare
3516 2538 3566 2586 te
3587 2536 3885 2592 confiteris?

2398 2624 2503 2670 ΑΜ.
2537 2624 2744 2671 Maxime
2770 2636 2783 2670 z
2822 2636 3003 2686 oroque
3038 2622 3251 2685 insuper,
3284 2628 3338 2671 ut
3358 2636 3665 2675 communem
3700 2626 3932 2693 aliquam

2336 2708 2618 2759 medicinam
2641 2710 2781 2760 nobis
2809 2710 3047 2772 excogites
3065 2715 3211 2773 atque
3230 2710 3463 2760 invenias.

2398 2800 2538 2847 LUc.
2574 2802 2709 2864 Ergo,
2724 2798 2918 2861 Telephi
2942 2799 3059 2849 illud
3078 2812 3272 2849 necesse
3293 2799 3384 2848 erit
3417 2799 3590 2850 facere.

2398 2888 2503 2935 ΑΜ.
2538 2885 2793 2944 Quodnam
2812 2886 2932 2936 illud
2950 2886 3101 2936 dicis?

2396 2977 2540 3025 LUC.
2577 2974 2648 3024 Ad
2673 2988 2812 3035 eum,
2836 2989 2865 3024 a
2899 2989 2996 3039 quo
3016 2974 3252 3026 vulnerati
3286 2987 3485 3036 sumus,
3516 2976 3741 3028 eundum
3778 2992 3925 3044 esse,

2333 3066 2382 3112 et
2406 3062 2467 3111 ab
2492 3062 2573 3112 illo
2590 3062 2875 3113 medicinam
2895 3063 3167 3127 petendam.

3062 3347 3162 3406 IV.

2698 3508 2730 3564 J
2737 3505 3066 3566 UDICIUM
3105 3503 3523 3566 VOCALIUM.

2284 3623 2286 3647 ⁴
2390 3669 2425 3705 ι.
2451 3659 2684 3706 Archonte
2720 3659 2993 3705 Aristarcho
3022 3659 3269 3713 Phalereo,
3308 3657 3505 3718 septima
3533 3661 3912 3720 Pymepsionh,

2329 3732 2556 3777 actionem
2581 3730 2786 3775 Instituit
2808 3733 2961 3792 Σῖγμα
2988 3729 3214 3774 adversus
3242 3733 3343 3779 Ταῦ
3370 3729 3495 3785 apud
3513 3729 3698 3786 judiees
3724 3734 3910 3790 septem

2329 3814 2550 3863 vocata,
2570 3809 2628 3854 de
2650 3811 2698 3855 vi
2720 3811 2767 3855 et
2785 3809 2948 3864 rapina
2974 3808 3235 3862 bonorum;
3255 3809 3447 3864 spoliari
3467 3820 3518 3854 sc
3554 3809 3720 3857 dicens
3751 3814 3907 3859 omni-
3955 3838 3964 3845 -

2329 3886 2417 3930 bus
2438 3885 2529 3930 illis
2549 3883 2767 3936 vocibus,
2787 3892 2892 3936 quae
2910 3879 3087 3935 duplici
3104 3884 3192 3928 ταῦ
3215 3879 3415 3935 proferri
3436 3879 3605 3926 solent.

2392 4007 2437 4049 2.
2467 4000 2709 4059 Quamdiu
2726 4037 2740 4061 ‚
2764 4015 2795 4050 o
2813 4000 2999 4064 judices
3020 4001 3249 4059 vocales,
3272 4012 3370 4048 non
3387 3994 3649 4047 admodum
3671 3997 3903 4059 gravibus

2327 4084 2511 4146 injuriis
2531 4084 2733 4134 affectus
2756 4096 2865 4131 sum
2884 4083 2946 4132 ab
2970 4084 3060 4132 hoc
3080 4086 3170 4131 ταῦ
3182 4117 3197 4141 ,
3221 4080 3337 4130 dum
3362 4079 3482 4130 meis
3503 4078 3651 4128 rebus
3669 4079 3901 4130 abuteba-

2326 4174 2407 4218 tur
2439 4169 2488 4217 et
2518 4180 2577 4216 eo
2609 4180 2662 4216 se
2698 4165 2956 4225 inserebat,
2981 4164 3065 4214 ubi
3096 4163 3284 4212 nullum
3320 4161 3366 4211 ei
3397 4160 3478 4223 ius
3494 4163 3627 4221 erat;
3667 4161 3898 4211 damnum

2326 4265 2422 4300 non
2456 4250 2663 4311 graviter
2686 4250 2775 4297 tuli
2803 4264 2815 4298 ε
2849 4248 3077 4297 nonnulla
3106 4245 3282 4305 etiam,
3306 4256 3417 4306 qua}
3441 4240 3745 4306 dicebantur,
3767 4242 3898 4293 audi·

2325 4336 2456 4386 visse
2478 4347 2555 4383 me
2583 4332 2972 4392 dissimulabam,
3002 4332 3194 4394 propter
3224 4325 3539 4385 modestiam,
3567 4338 3716 4388 quam
3738 4327 3892 4376 nostis

2324 4434 2404 4470 me
2420 4432 2611 4470 servare
2628 4431 2739 4467 cum
2755 4430 2865 4479 erga
2883 4429 2990 4475 vos,
3007 4420 3109 4464 tum
3125 4425 3236 4474 erga
3249 4411 3367 4460 alias
3380 4409 3589 4472 syllabas
3608 4423 3621 4457 :
3637 4412 3894 4473 postquam

2322 4588 2602 4634 contentum
2621 4582 2681 4631 iis
2694 4618 2709 4640 ,
2729 4593 2839 4643 quae
2862 4592 2949 4642 ego
2968 4590 3096 4640 saepe
3118 4570 3446 4631 dissimulavi,
3468 4582 3642 4619 verum
3656 4570 3759 4634 jam
3793 4583 3889 4621 ma·

2318 4672 2474 4734 iorem
2507 4668 2606 4717 vim
2641 4665 2839 4724 inierat,
2876 4663 2983 4726 ipsa
3012 4674 3092 4710 me
3123 4657 3381 4709 necessitas
3412 4654 3538 4717 cogit
3582 4657 3638 4703 ut
3668 4667 3893 4706 acmsem

2322 4756 2480 4820 ipsum
2499 4753 2626 4817 apud
2648 4763 2754 4810 vos,
2774 4747 2856 4810 qui
2878 4753 3134 4806 utrumque
3155 4747 3374 4793 nostrum
3397 4738 3617 4789 novistis.
3683 4741 3793 4789 Non
3813 4751 3895 4788 au·
3991 4812 3998 4819 1

2322 4841 2422 4886 tem
2458 4834 2659 4895 exiguus
2707 4834 2866 4878 metus
2907 4827 3099 4890 propter
3138 4823 3280 4872 istam
3315 4819 3644 4870 extrusionem
3683 4818 3779 4867 mei
3819 4830 3897 4868 me

2322 4914 2515 4964 invasit.
2582 4915 2703 4962 Nam
2726 4920 2877 4972 quum
2899 4904 3136 4969 prioribus
3158 4899 3342 4963 injuriis
3366 4898 3569 4959 majores
3593 4908 3787 4959 semper
3809 4895 3891 4945 ad-

2320 4993 2433 5052 dat,
2458 5001 2655 5055 prorsus
2688 5000 2764 5036 me
2786 4999 2814 5034 e
2836 4983 3100 5032 domestica
3123 4979 3238 5030 sede
3259 4977 3468 5038 expellet
3483 5011 3498 5036 ,
3522 4987 3679 5036 eoque
3723 4986 3897 5037 μωρο-
3987 5044 4000 5057 Γ

2323 5070 2522 5120 modum
2554 5065 2763 5126 rediget,
2800 5068 2854 5111 ut
2885 5061 3123 5111 silendum
3147 5057 3264 5108 mihi
3289 5055 3381 5116 sit,
3415 5058 3465 5104 et
3487 5065 3547 5101 ne
3579 5051 3703 5101 inter
3727 5051 3893 5102 literas
3977 5120 4000 5129 -

2277 5207 2278 5214 φ
2320 5148 2516 5212 quidem
2534 5143 2739 5207 amplius
2765 5153 3006 5198 numeret,
3030 5137 3116 5188 sed
3148 5134 3273 5186 sibili
3303 5131 3450 5182 modo
3478 5130 3641 5180 locum
3665 5127 3893 5180 babeam.

2385 5231 2431 5275 3.
2468 5227 2553 5274 Est
2572 5222 2733 5284 itaque
2752 5231 2949 5282 aequum
2970 5230 3069 5266 non
3086 5212 3232 5264 modo
3253 5224 3342 5261 vos
3364 5208 3556 5272 judices
3571 5242 3587 5268 ‚
3616 5205 3705 5256 sed
3723 5218 3897 5257 omnm
3983 5216 4000 5243 -·’

2319 5315 2467 5366 etiam
2498 5311 2706 5373 reliquas
2741 5308 2905 5357 literas
2931 5304 2995 5354 ab
3030 5304 3178 5353 hocce
3199 5300 3311 5350 dolo
3346 5297 3439 5348 sibi
3468 5307 3660 5347 cavere.
3739 5297 3893 5357 Nam,

2320 5403 2360 5453 si
2387 5406 2441 5451 ut
2462 5401 2578 5451 libet
2602 5397 2860 5459 unicuique
2885 5392 3049 5444 licebit
3069 5404 3098 5441 e
3121 5403 3210 5439 suo
3227 5387 3395 5438 ordine
3413 5385 3464 5434 in
3481 5384 3631 5433 alium
3649 5383 3890 5433 violenter

2317 5494 2585 5554 irrumpere
2602 5525 2617 5549 ,
2657 5487 2800 5548 idque
2831 5496 2947 5542 vos,
2971 5481 3075 5531 sine
3095 5478 3273 5543 quibus
3291 5473 3625 5525 nihilomnino
3644 5470 3890 5533 scribitur,
3929 5485 3936 5488 ·
