4759 6600
873 1099 1390 1235 PRAEFATIO.

513 1808 703 1881 Tradimus
723 1808 803 1880 Tibi
831 1810 981 1879 Luciani
1001 1809 1151 1905 scripta,
1173 1810 1267 1879 sicut
1295 1833 1410 1905 nuper
1431 1808 1646 1904 Polybiana,
1667 1810 1800 1883 talibus

465 1933 593 2005 formis
612 1955 793 2029 expressa,
818 1946 857 2002 ut
884 1956 960 2001 uno
988 1931 1173 2001 volumine
1201 1955 1431 2026 nequaquam
1460 1931 1613 2003 inhabili
1636 1959 1800 2033 compre·

465 2056 580 2127 hensa
592 2070 743 2126 tractare
760 2056 887 2152 possis.
909 2053 1019 2140 Quod
1038 2077 1152 2149 quum
1171 2077 1236 2149 per
1258 2078 1296 2124 se
1317 2052 1499 2124 videretur
1516 2056 1639 2127 multis
1655 2074 1801 2155 exopta·

467 2192 546 2247 tum
584 2174 769 2264 accidere,
801 2190 880 2246 tum
918 2175 955 2244 in
997 2172 1163 2245 ornando
1200 2189 1235 2244 et
1265 2174 1482 2271 expoliendo
1516 2177 1702 2250 volumine
1736 2206 1802 2251 nec

466 2299 641 2394 impensae
660 2320 728 2367 nec
744 2294 861 2366 labori
877 2296 1067 2391 parsimus.
1082 2297 1170 2363 Nam
1186 2294 1279 2364 inea
1295 2294 1476 2383 editione,
1505 2322 1578 2391 qua
1592 2299 1803 2371 Jacobt'tzr'us

467 2420 665 2517 Lipsiensis
678 2419 850 2516 praeclaro
862 2418 1032 2496 instituto
1041 2431 1159 2487 totum
1168 2418 1516 2513 Lucianumprimus
1526 2419 1572 2490 ad
1581 2422 1801 2515 optimorum

466 2540 639 2611 codicum
657 2539 966 2637 praescriptionem
983 2538 1175 2626 revocavit,
1195 2537 1308 2607 multa
1329 2538 1498 2630 leguntur
1512 2565 1624 2636 quasa
1649 2541 1708 2612 tali
1724 2544 1805 2614 scri·

468 2676 592 2758 ptore,
609 2674 718 2755 atque
736 2659 825 2730 adeo
844 2658 905 2730 illa
925 2673 1031 2755 aetate
1047 2658 1099 2728 sic
1118 2658 1228 2750 scribi
1259 2683 1343 2755 non
1354 2674 1534 2756 poterant.
1552 2665 1672 2747 Quare
1690 2662 1803 2734 literis

467 2782 729 2879 appellavimus
742 2780 969 2851 Gur'lt'elmum
978 2779 1212 2871 Drirdorfium,
1221 2780 1340 2851 virum
1358 2781 1646 2871 celeberrimum,
1660 2799 1711 2871 ut,
1726 2809 1805 2880 quae

467 2927 555 2973 eum
570 2900 751 2973 scibamus
773 2916 894 2997 parata
908 2899 1041 2971 habere
1056 2900 1102 2971 ad
1116 2900 1386 2972 emendandum
1397 2904 1609 2991 Lucianum,
1629 2928 1669 2973 ea
1682 2904 1805 2976 nobis·

467 3049 555 3095 cum
567 3047 636 3119 pro
648 3046 712 3093 sua
725 3022 762 3092 in
777 3046 845 3093 uos
856 3020 1111 3093 benevolentia
1129 3022 1426 3092 communicaret.
1444 3024 1540 3093 Misit
1556 3039 1676 3094 autem
1695 3050 1806 3097 exem·

467 3146 574 3243 plum
584 3144 755 3216 editionis
764 3143 1028 3233 Jacobitzianae,
1045 3144 1149 3240 cujus
1163 3145 1220 3213 vix
1232 3168 1306 3213 una
1316 3143 1468 3216 alterave
1479 3147 1608 3241 pagina
1621 3171 1696 3216 non
1714 3163 1806 3218 esset

469 3294 583 3341 manu
598 3269 712 3367 ipsius
729 3282 864 3339 notata.
886 3272 1009 3366 Neque
1029 3294 1071 3340 ex
1090 3266 1280 3340 codicibus
1300 3267 1411 3341 modo
1426 3283 1463 3340 et
1475 3269 1692 3362 conjecturis
1709 3271 1806 3342 criti·

471 3416 600 3463 corum
621 3393 796 3490 protraxit
816 3418 897 3488 quae
916 3393 987 3489 ipsi
1003 3391 1195 3463 videbatur
1210 3393 1390 3464 Lucianus
1408 3394 1592 3489 scripsisse
1612 3448 1622 3482 ,
1651 3394 1715 3465 sed
1732 3396 1806 3467 suis

471 3514 791 3589 emendationibus
815 3517 860 3587 ad
884 3533 1032 3588 centum
1054 3517 1236 3611 sexaginta
1258 3516 1358 3588 locos
1378 3518 1470 3588 male
1488 3517 1636 3588 allectos
1656 3521 1806 3590 sanavit.

474 3643 514 3709 ln
535 3639 851 3738 Trogodopodagra
869 3654 904 3709 et
922 3637 1086 3734 Ocypode
1105 3622 1263 3707 multum
1284 3638 1422 3734 proluit
1441 3641 1535 3710 varia
1555 3641 1733 3736 scriptura
1748 3666 1807 3712 co·

471 3765 600 3835 dicum
617 3765 746 3853 trium,
765 3765 804 3833 in
823 3764 937 3859 ipsius
963 3788 1049 3833 usus
1067 3761 1303 3851 collatorum;
1316 3763 1353 3834 in
1375 3767 1653 3862 Epigrammata
1670 3765 1808 3836 Antho-

471 3888 569 3982 logia
588 3887 765 3976 Palatina,
786 3885 889 3982 cujus
921 3885 1059 3956 indicio
1087 3886 1343 3982 epigrammata
1369 3884 1557 3982 quaedam,
1587 3901 1628 3956 ut
1652 3885 1807 3958 aliorum

473 4023 689 4107 poetarum,
714 4008 849 4103 ejecta,
884 4033 978 4080 nova
1009 4008 1174 4104 quinque
1203 4007 1326 4079 addita
1360 4023 1457 4079 sunt.
1494 4013 1661 4080 Ceterum
1690 4033 1807 4080 exem·

475 4129 559 4226 plo,
580 4125 682 4224 quod
697 4127 844 4198 criticus
864 4125 1120 4197 celeberrimus
1140 4127 1398 4215 transmiserat,
1419 4127 1468 4196 ita
1482 4151 1550 4197 nos
1564 4129 1808 4215 astrinximus,

474 4266 517 4322 ut
543 4253 581 4320 in
606 4251 727 4345 graecis
760 4249 853 4320 nihil
885 4263 1012 4320 contra
1039 4234 1201 4319 mentem
1221 4249 1335 4344 ipsius
1360 4250 1523 4345 positum
1557 4275 1635 4320 esse
1654 4250 1811 4322 confida-

475 4395 561 4441 mus
582 4369 639 4464 (*).

524 4491 810 4564 Translationem
824 4491 972 4562 latinam
992 4490 1151 4562 condere
1164 4490 1395 4563 inchoaverat
1411 4493 1707 4579 Hemsterlturt'us,
1722 4520 1810 4590 prae-

476 4625 735 4698 stantissimam
754 4623 852 4693 illam
875 4637 911 4693 et
932 4622 1048 4719 qualis
1076 4622 1178 4693 a'tali
1200 4624 1278 4694 viro
1305 4638 1445 4720 poterat
1464 4627 1672 4722 exspectari,
1694 4625 1756 4697 sed
1772 4627 1809 4696 in

476 4773 552 4845 qua
573 4772 648 4817 non
664 4771 745 4816 raro
760 4743 983 4816 desiderabis
1001 4759 1163 4840 argutam
1188 4746 1456 4841 simplicitatem
1478 4762 1513 4817 et
1536 4748 1666 4818 claram
1691 4747 1813 4819 lacun-

477 4867 578 4938 diam
607 4866 756 4936 Luciani
786 4892 793 4934 :
829 4889 913 4935 nam
942 4863 1054 4933 multa
1087 4862 1196 4933 nimis
1232 4864 1423 4936 artificiose
1459 4891 1527 4936 nec
1566 4867 1649 4935 satis
1679 4867 1811 4937 usitato

475 5010 610 5085 genere
624 4985 798 5083 loquendi
815 5010 981 5082 expressa
999 4986 1180 5078 leguntur.
1205 4990 1243 5055 ln
1271 4987 1419 5082 Nigrino
1442 4989 1593 5058 servavit
1607 4989 1811 5059 versionem

477 5111 625 5196 Solaai,
646 5111 684 5179 in
702 5100 873 5199 Timone,
904 5108 1108 5207 Tanaquilli
1130 5109 1259 5194 Fabri,
1293 5134 1404 5205 quam
1433 5127 1558 5208 utpote
1579 5111 1811 5198 liberrimam,

478 5232 648 5331 plurimis
668 5232 757 5303 locis
772 5231 817 5302 ad
835 5232 1049 5303 sententiam
1062 5244 1124 5302 aut
1143 5229 1296 5302 modum
1309 5257 1427 5326 gtaecae
1443 5233 1615 5303 orationis
1635 5233 1813 5303 revocavi-

517 5470 552 5532 (0)
569 5470 628 5518 sero
638 5468 764 5518 nobiscum
774 5469 954 5518 communtcata
964 5473 1001 5519 ost
1012 5469 1065 5519 baec
1076 5469 1218 5519 admonitio.
1232 5490 1244 5513 «
1254 5471 1353 5533 Pag.³7,
1366 5470 1482 5533 Halcyon.
1498 5470 1513 5533 §
1523 5471 1546 5530 ³,
1556 5483 1629 5520 versu
1642 5472 1678 5528 tt,
1687 5469 1743 5532 post
1754 5480 1809 5520 voc.

480 5544 592 5608 Μίμας
602 5541 729 5592 inserenda
739 5547 798 5592 aaut
810 5532 886 5593 verba
894 5544 911 5602 ἡ
920 5544 961 5601 τὰς
970 5550 1011 5604 τῆς
1020 5545 1075 5604 ὅλης
1084 5545 1174 5608 φύσεως
1186 5565 1198 5588 »

629 5668 748 5706 numanus·
759 5666 775 5703 l·
1642 5677 1658 5710 tl
