4759 6600
910 748 1022 801 ste

1753 736 1991 797 xxlx.
2035 736 3002 799 ΑΠΟΚΗΡΥΤΤΟΜΕΝΟΣ.
3053 747 3159 808 23,
3191 747 3283 796 2⁴.

3717 739 3797 817 (11
3809 784 3828 818 ,
3873 757 3995 802 175·-
4020 757 4093 820 ιιι)

913 870 1084 930 πάντα
1126 866 1469 950 προστάττειν
1509 866 1627 927 οὔτε
1662 866 1832 949 τούτῳ
1875 866 2085 927 δίδωσιν
2112 871 2141 927 ὁ
2174 866 2331 947 νόμος
2367 867 2475 927 οὔτ’
2513 880 2525 964 1
2560 878 2796 942 permittit
2821 878 3067 941 injungere
3089 878 3276 940 omnia,
3299 890 3457 942 neque
3488 891 3657 942 parere
3676 881 3909 933 omnibus
3937 885 4104 934 omuino

911 956 1026 1036 ἐμοὶ
1043 956 1105 1015 τὸ
1127 954 1396 1015 πείθεσθαι
1419 963 1551 1014 πᾶσι
1577 954 1788 1023 πάντως
1811 955 2114 1033 ἀναγκαῖον.
2197 956 2292 1017 Ἐν
2321 957 2365 1016 δ’
2387 947 2476 1017 οὗν
2516 972 2520 1059 γ
2561 966 2679 1017 mihi
2703 966 3046 1017 necessarium.
3111 970 3169 1017 In
3204 966 3281 1017 his
3320 979 3433 1029 ergo
3453 980 3565 1031 quae
3600 967 3900 1032 imperantur
3919 985 3951 1021 a
3973 973 4104 1035 patre,

903 1054 1013 1113 τοῖς
1056 1048 1160 1104 τῶν
1187 1042 1613 1126 προσταγμάτων
1641 1043 1709 1103 τὰ
1740 1042 1836 1122 μὲν
1876 1042 2128 1103 ἀνεύθυνά
2168 1048 2305 1119 ἐστι,
2328 1044 2397 1105 τὰ
2432 1046 2477 1105 δ’
2561 1055 2866 1119 aliaquidem
2892 1055 3047 1105 alieno
3070 1054 3265 1105 arbitrio
3290 1069 3385 1106 non
3414 1060 3528 1106 sunt
3548 1054 3786 1119 obnoxia,
3803 1058 3899 1108 alia
3920 1072 4028 1109 vero
4051 1060 4107 1110 ira

908 1136 1065 1217 ὀργῆς
1097 1132 1187 1193 καὶ
1203 1132 1458 1214 τιμωρίας
1477 1132 1612 1201 ἄξια·
1635 1131 1725 1191 ἐὰν
1753 1136 1909 1213 νοσῇς
1927 1131 2110 1206 αὐτὸς,
2142 1131 2245 1212 ἐγὼ
2269 1131 2324 1193 δὲ
2353 1136 2481 1213 ἀμε-

909 1226 1001 1283 λῶ·
1028 1220 1118 1282 ἐὰν
1145 1225 1250 1281 τῶν
1288 1221 1405 1281 κατ’
1433 1212 1573 1280 οἷκον
1607 1222 1971 1299 ἐπιμελεῖσθαι
1999 1218 2241 1302 κελεύῃς,
2279 1220 2385 1300 ἐγὼ
2423 1220 2479 1282 δὲ

907 1312 1161 1391 ὀλιγωρῶ·
1197 1308 1289 1369 ἐὰν
1324 1307 1393 1368 τὰ
1428 1310 1546 1368 κατ’
1586 1308 1744 1391 ἀγρὸν
1776 1310 2077 1367 ἐπισκοπεῖν
2112 1309 2445 1391 προστάττῃς
2458 1355 2477 1389 ,

907 1398 1012 1478 ἐγὼ
1035 1397 1092 1457 δὲ
1121 1401 1275 1458 ὀκνῶ.
1358 1396 1548 1457 Πάντα
1576 1404 1745 1456 ταῦτα
1772 1396 1863 1456 καὶ
1890 1395 1957 1456 τὰ
1982 1396 2183 1465 τούτοις
2211 1397 2368 1476 ὅμοια
2397 1401 2480 1457 εὔ-

907 1487 1092 1567 λόγους
1117 1485 1229 1565 ἔχει
1253 1482 1349 1553 τὰς
1377 1483 1664 1567 προφάσεις
1700 1484 1792 1543 καὶ
1818 1482 1915 1553 τὰς
1945 1483 2168 1566 μέμψεις
2199 1484 2478 1567 πατρικάς·

906 1576 974 1636 τὰ
1002 1576 1047 1635 δ’
1072 1574 1210 1634 ἄλλα
1244 1574 1322 1655 ἐφ’
1343 1575 1474 1652 ἡμῖν
1502 1576 1614 1632 ἐστι
1641 1578 1747 1641 τοῖς
1781 1573 1983 1647 παισὶν,
2012 1572 2137 1633 ὄντα
2159 1578 2264 1633 τῶν
2282 1578 2481 1655 τεχνῶν

907 1663 1001 1725 καὶ
1027 1668 1121 1736 τῆς
1147 1662 1343 1722 τούτων
1365 1660 1632 1743 χρήσεως,
1655 1662 1747 1722 καὶ
1779 1663 2040 1740 μάλιστα,
2072 1665 2117 1721 εἰ
2142 1664 2305 1742 μηδὲν
2326 1668 2355 1723 ὁ
2374 1687 2480 1723 πα-

907 1752 1008 1836 τὴρ
1051 1750 1205 1819 αὐτὸς
1237 1751 1484 1811 ἀδικοῖτο.
1568 1748 1722 1811 Ἐπεί
1743 1774 1822 1809 τοι
1860 1748 1925 1809 ἂν
1951 1754 2029 1833 τῷ
2071 1756 2266 1833 γραφεῖ
2300 1742 2478 1835 παῖτὴρ

909 1840 1232 1924 προστάττῃ,
1250 1845 1418 1899 ταῦτα
1440 1837 1554 1919 μὲν,
1576 1838 1775 1912 τέκνον,
1799 1838 1986 1922 γράφε,
2009 1839 2161 1899 ταυτὶ
2179 1838 2235 1899 δὲ
2261 1839 2356 1919 μὴ,
2381 1841 2475 1900 καὶ

907 1936 984 2011 vif)
1012 1932 1273 2011 μουσικιῖ),
1296 1928 1452 2000 τήνδε
1479 1931 1578 2007 μὲν
1599 1927 1697 2000 τὴν
1721 1927 1976 2009 ἁρμονίαν
2006 1934 2187 2009 κροῦε,
2209 1929 2407 2003 ταύτην
2427 1927 2482 1989 δὲ

912 2019 986 2099 μὴ
1003 2064 1020 2093 ,
1047 2018 1139 2078 καὶ
1164 2021 1240 2099 τῷ
1257 2016 1595 2097 χαλκεύοντι,
1618 2023 1836 2076 τοιαῦτα
1861 2014 1957 2094 μὲν
1977 2015 2234 2096 χάλκευε,
2264 2023 2481 2077 τοιαῦτα

910 2106 966 2168 δὲ
991 2108 1096 2187 μὴ,
1128 2098 1210 2190 ἀρ’
1245 2106 1310 2165 ἄν
1349 2129 1427 2174 τις
1462 2104 1748 2185 ἀνάσχοιτο
1782 2106 2245 2186 ἀποκηρύττοντα,
2280 2104 2360 2165 ὅτι
2404 2105 2480 2185 μὴ

909 2195 1048 2344 κῖατὰ
1059 2195 1136 2344 ἰὰ
1163 2194 1344 2276 ἐκείνῳ
1365 2195 1616 2254 δοκοῦντα
1638 2197 1667 2252 ὁ
1687 2194 1810 2261 παῖς
1832 2197 2027 2275 χρῆται
2054 2198 2121 2274 τῇ
2149 2192 2338 2277 τέχνῃ,
2364 2191 2481 2253 οῦδὲ

910 2309 935 2345 ε
957 2311 983 2355 ς
1039 2310 1067 2345 ο
1133 2308 1204 2344 αι.

990 2310 1211 2437 {affin
1235 2372 1290 2431 δὲ
1312 2375 1405 2444 τῆς
1432 2374 1668 2453 ἰατρικῆς
1691 2370 1799 2451 ὅσῳ
1826 2367 2136 2451 σεμνότερόν
2156 2372 2268 2429 ἐστι
2291 2369 2384 2429 καὶ
2406 2375 2483 2453 τῷ

913 2462 1012 2545 βίῳ
1043 2458 1462 2544 χρησιμώτερον,
1494 2458 1728 2541 τοσούτῳ
1765 2459 1857 2518 καὶ
1891 2457 2310 2540 ἐλευθεριώτερον
2350 2449 2483 2518 εἶναι

909 2549 1164 2635 προσήκει
1185 2551 1292 2618 τοῖς
1317 2548 1623 2630 χρωμένοις,
1646 2547 1738 2606 καί
1761 2570 1877 2605 τινα
1906 2545 2193 2628 προνομίαν
2221 2546 2360 2627 ἔχειν
2388 2547 2484 2620 τὴν

907 2637 1099 2720 τέχνην
1128 2636 1329 2696 δίκαιον
1353 2640 1419 2715 τῇ
1449 2634 1654 2713 ἐξουσία
1682 2641 1775 2707 τῆς
1802 2635 2068 2718 χρήσεως,
2097 2634 2485 2715 ἀναγκάζεσθαι

911 2726 968 2787 δὲ
994 2723 1156 2805 μηδὲν
1187 2722 1321 2803 μηδὲ
1359 2724 1779 2805 προστάττεσθαι
1801 2721 2027 2805 πρᾶγμα
2055 2723 2194 2805 ἱερὸν
2232 2723 2325 2783 καὶ
2354 2728 2484 2783 θεῶν

909 2816 1178 2892 παίδευμα
1207 2812 1297 2871 καὶ
1326 2810 1608 2895 ἀνθρώπων
1639 2816 1811 2893 σοφῶν
1840 2812 2200 2891 ἐπιτήδευμα,
2231 2813 2354 2890 μηδ’
2382 2814 2484 2873 ὑπὸ

912 2901 1150 2965 δουλείαν
1177 2899 1418 2980 γενέσθαι
1447 2898 1606 2979 νόμου
1636 2900 1759 2979 μηδ’
1788 2900 1889 2960 ὑπὸ
1917 2900 2078 2982 φόὸον
2106 2900 2198 2960 καὶ
2223 2900 2483 2983 τιμωρίαν

912 2993 1254 3077 δικαστηρίου
1270 3038 1287 3071 ,
1319 2994 1444 3072 μηδ’
1472 2991 1574 3051 ὑπὸ
1600 2994 1771 3074 ψῆφον
1799 2993 1891 3052 καὶ
1916 2992 2117 3072 πατρὸς
2144 2991 2366 3065 ἀπειλὴν
2395 2994 2487 3053 καὶ

910 3081 1071 3165 ὀργὴν
1112 3079 1400 3152 ἰδιωτικήν.
1482 3077 1656 3139 Ὥστε
1684 3079 1776 3139 καὶ
1804 3083 1851 3140 εἰ
1876 3080 2033 3140 τοῦτό
2060 3104 2143 3140 σοι
2180 3086 2361 3163 σαφῶς
2388 3086 2478 3142 οὖ-

909 3171 1042 3232 τωσὶ
1059 3170 1150 3232 καὶ
1173 3168 1458 3252 διαρρήδην
1478 3166 1674 3247 ἔλεγον,
1691 3171 1772 3230 Οὔ
1799 3168 2056 3249 βούλομαι
2073 3168 2190 3229 οὐδὲ
2213 3170 2486 3251 θεραπεύω

912 3259 1220 3341 δυνάμενος,
1249 3257 1364 3318 ἀλλ’
1394 3260 1606 3338 ἐμαυτῷ
1638 3255 1782 3339 μόνῳ
1808 3256 1904 3329 τὴν
1932 3255 2123 3337 τέχνην
2153 3247 2268 3317 οἶδα
2296 3258 2390 3318 καὶ
2409 3262 2486 3341 τῷ

911 3350 1105 3433 πατρὶ,
1133 3353 1241 3418 τοῖς
1281 3350 1324 3407 δ’
1356 3348 1533 3414 ἄλλοις
1561 3346 1758 3405 ἅπασιν
1803 3345 2011 3418 ἰδιώτης
2038 3337 2171 3405 εἶναι
2201 3347 2485 3427 βούλομαι·

911 3439 989 3507 τίς
1008 3439 1255 3520 τύραννος
1277 3435 1413 3498 οὕτω
1440 3436 1608 3517 βίαιος
1627 3481 1645 3513 ,
1670 3439 1742 3504 ὣς
1765 3434 2064 3514 ἀναγκάσαι
2087 3433 2151 3494 ἂν
2175 3436 2266 3495 καὶ
2291 3436 2486 3496 ἄκοντα

909 3531 1140 3609 χρῆσθαι
1167 3531 1236 3606 τῇ
1265 3523 1454 3605 τέχνῃ;
1484 3524 1573 3585 Τὰ
1599 3522 1702 3605 γὰρ
1730 3530 1950 3583 τοιαῦτα
1977 3523 2221 3592 ἱκετείαις
2245 3525 2336 3584 καὶ
2365 3524 2487 3597 δεή-

913 3639 1076 3689 σεσιν,
1105 3617 1164 3673 οὗ
1200 3611 1378 3691 νόμοις
1400 3612 1492 3672 καὶ
1520 3613 1698 3693 ὀργαῖς
1737 3611 1828 3672 καὶ
1857 3612 2208 3694 δικαστηρίοις
2244 3612 2485 3693 ὑπάγειν,

913 3693 1094 3781 οἶμαι,
1123 3700 1402 3783 προσήκει·
1431 3697 1701 3757 πείθεσθαι
1727 3699 1816 3757 τὸν
1845 3698 2020 3780 ἰατρὸν
2048 3699 2188 3780 χρὴ,
2217 3702 2275 3759 οὗ
2306 3699 2488 3761 κελεύ-

914 3797 1094 3864 εσθαι,
1139 3788 1456 3870 βούλεσθαι,
1500 3790 1558 3847 οὐ
1597 3787 1902 3869 φοὸεῒσθαι,
1939 3787 2028 3847 ἐπὶ
2068 3788 2161 3860 τὴν
2206 3789 2486 3870 θεραπείαν

913 3883 1010 3940 οὐκ
1038 3879 1292 3959 ἄγεσθαι,
1324 3874 1509 3935 ἑκόντα
1543 3873 1598 3934 δὲ
1626 3874 1908 3956 ἐρχόμενον
1934 3875 2169 3948 ἥδεσθαι.
2216 3880 2488 3959 Πατρικῆς

915 3970 959 4028 δ’
987 3968 1220 4048 ἀνάγκης
1250 3966 1467 4047 ἄμοιρος
1505 3968 1539 4036 ἡ
1570 3963 1759 4034 ἀτελὴς
1789 3961 1978 4043 τέχνη,
2008 3963 2138 4024 ὅπου
2165 3988 2227 4043 γε
2263 3974 2369 4032 τοῖς
2399 3969 2484 4024 toz-

913 4059 1052 4139 τροῖς
1078 4057 1169 4116 καὶ
1211 4054 1441 4136 δημοσία
1474 4055 1531 4111 αἱ
1568 4052 1743 4119 πόλεις
1770 4052 1928 4131 τιμὰς
1969 4053 2060 4112 καὶ
2089 4054 2365 4135 προεδρίας
2394 4054 2485 4113 καὶ
2536 4062 2537 4065 ’

915 4144 1152 4212 ἀτελείας
1181 4143 1272 4203 καὶ
1299 4141 1584 4225 προνομίας
1612 4140 1834 4201 διδόασι.

997 4244 1091 4294 ²⁴·
1133 4218 1321 4293 Τὰῧτα
1347 4229 1440 4308 μὲν
1469 4221 1557 4289 Οὗν
1583 4230 1763 4296 ἅπλῶς
1792 4228 1856 4289 ἂν
1881 4219 2022 4309 εἶχον
2051 4234 2213 4289 εἰπεῖν
2239 4228 2367 4311 ὑπὲρ
2395 4235 2486 4303 τῆς
2524 4293 2527 4304 ,

915 4319 1136 4401 τέχνης,
1166 4322 1211 4378 εἰ
1239 4319 1330 4378 καὶ
1369 4324 1464 4377 σοῦ
1495 4315 1840 4396 διδαξαμένου
1872 4341 1937 4396 με
1965 4317 2057 4377 καὶ
2096 4317 2268 4377 πολλὰ
2298 4321 2486 4398 ἐπιμε-

915 4408 1158 4481 ληθέντος
1193 4407 1283 4466 καὶ
1325 4406 1725 4479 ἀναλώσαντος,
1774 4410 1845 4473 ὡς
1890 4405 2139 4483 μάθοιμι,
2186 4406 2314 4488 πρὸς
2358 4407 2489 4486 μίαν
2524 4418 2526 4423 “

916 4499 1059 4577 ὅμως
1103 4494 1382 4578 θεραπείαν
1430 4493 1647 4567 ταύτην,
1693 4493 1919 4566 δυνατὴν
1965 4485 2145 4567 οὖσαν,
2191 4494 2485 4574 ἀντέλεγον.

917 4585 1053 4650 Νυνὶ
1095 4583 1151 4644 δὲ
1193 4584 1406 4643 κάκεῖνο
1446 4580 1705 4655 ἐννόησον,
1746 4587 1816 4650 ὡς
1857 4582 2194 4641 παντάπασιν
2244 4586 2486 4663 ἀγνῶμον

915 4683 1081 4743 ποιεῖς
1116 4677 1211 4733 οὔκ
1241 4675 1337 4731 ἐῶν
1381 4694 1447 4749 με
1473 4675 1703 4753 χρῆσθαι
1742 4672 1856 4747 μετ’
1881 4670 2173 4752 ἐλευθερίας
2212 4674 2325 4755 ἐμῷ
2353 4672 2489 4744 κτή-

921 4788 1068 4844 ματι.
1151 4761 1368 4834 Ταύτην
1395 4758 1499 4839 ἐγὼ
1525 4758 1621 4831 τὴν
1662 4758 1852 4838 τέχνην
1881 4759 1980 4838 οὐχ
2009 4758 2114 4825 υἱὸς
2156 4758 2228 4818 ὢν
2258 4760 2346 4828 σὸς
2373 4760 2484 4829 ἐξέ-

919 4857 1085 4933 μαθον
1111 4849 1229 4911 οῦδὲ
1256 4854 1332 4932 τῷ
1362 4853 1440 4932 σῷ
1468 4847 1613 4930 νόμῳ
1641 4847 2004 4926 ὑποκείμενος,
2033 4847 2124 4906 καὶ
2153 4847 2294 4925 ὅμως
2323 4847 2487 4921 αὐτὴν

919 4937 1205 5021 μεμάθηκά
1244 4961 1327 4997 σοι
1356 4971 1432 4982 -
1461 4935 1552 4995 καὶ
1582 4939 1786 5018 πρῶτος
1828 4937 1988 5007 αὐτῆς
2017 4935 2382 5002 ἀπολέλαυκας
2409 4971 2490 4981 -

914 5029 1064 5091 οῦδὲν
1090 5026 1238 5108 παρὰ
1265 5031 1359 5085 σοῦ
1386 5027 1515 5107 πρὸς
1541 5023 1602 5082 τὸ
1632 5025 1814 5103 μαθεῖν
1845 5023 1997 5103 ἔχων.
2080 5022 2215 5083 Τίνα
2246 5024 2491 5083 διδάσκα-

917 5121 1007 5178 λον
1049 5113 1352 5196 ἐμισθώσω;
1402 5112 1521 5173 τίνα
1586 5112 1881 5196 φαρμάκων
1930 5112 2306 5194 παρασκευήνς
2379 5114 2487 5171 οὐδ’

917 5211 1194 5279 ἡντιναοῦν
1214 5229 1227 5242 ·
1271 5203 1410 5263 ἀλλὰ
1450 5201 1730 5281 πενόμενος
1767 5200 1871 5280 ἐγὼ
1912 5201 2002 5261 καὶ
2039 5204 2142 5260 τῶν
2186 5200 2489 5279 ἀναγκαίων

922 5293 1275 5377 ἀπορούμενος
1297 5292 1388 5351 καὶ
1411 5292 1514 5350 ὑπὸ
1538 5295 1641 5350 τῶν
1667 5290 1996 5350 διδασκάλων
2023 5289 2322 5367 ἐλεούμενος
2346 5291 2492 5347 ἐπαι-

921 5382 1165 5461 δευόμην.
1254 5380 1363 5441 Καί
1391 5404 1479 5458 μοι
1506 5385 1725 5439 τοιαῦτα
1753 5377 1901 5460 παρὰ
1927 5383 2020 5436 τοῦ
2048 5376 2244 5457 πατρὸς
2270 5367 2336 5449 ἦν
2359 5375 2490 5457 πρὸς

922 5471 982 5530 τὸ
1017 5471 1198 5548 μαθεῖν
1238 5469 1445 5549 ἐφόδια,
1481 5467 1626 5539 λύπη
1667 5467 1758 5526 καὶ
1795 5466 1988 5548 ἐρημία
2027 5465 2120 5525 καὶ
2158 5464 2352 5545 ἀπορία
2397 5463 2489 5523 καὶ

927 5559 1076 5637 μῖσος
1104 5556 1305 5616 οἰκείων
1332 5556 1423 5615 καὶ
1453 5553 1758 5637 ἀποστροφὴ
1789 5557 2067 5634 συγγενῶν.
2128 5553 2265 5614 ’Ani
2290 5549 2486 5612 τούτων

2563 1148 2708 1207 atque
2730 1143 2993 1207 supplicio,
3018 1144 3060 1193 si
3093 1143 3353 1206 violentur,
3377 1143 3520 1207 digna
3553 1158 3567 1193 ε
3593 1146 3637 1195 si
3663 1152 3872 1209 aegrotes
3892 1148 4022 1211 ipse,
4038 1162 4107 1209 ego
4139 1179 4145 1184 -

2562 1245 2678 1283 vero
2699 1233 2962 1296 negligam3
2989 1233 3156 1283 sitem
3179 1232 3463 1284 familiarem
3496 1247 3665 1285 curare
3694 1234 3901 1297 jubeas,
3924 1249 4009 1299 ego
4024 1236 4104 1286 vili·

2564 1322 2797 1385 pendam3
2823 1322 2864 1371 si
2888 1335 2989 1372 rem
3021 1321 3251 1372 rusticam
3274 1322 3509 1385 inspicere
3538 1322 3792 1386 injungas,
3833 1337 3925 1387 ego
3961 1324 4105 1389 pigra.

2565 1410 2739 1461 Omnia
2761 1411 2892 1472 hmo,
2912 1414 2962 1460 et
2984 1423 3097 1473 quae
3120 1413 3235 1461 sunt
3256 1411 3304 1460 in
3325 1410 3496 1462 eodem
3513 1424 3721 1474 genere,
3742 1412 4110 1464 rationabilesln-

2565 1500 2681 1549 bent
2706 1512 2878 1549 causas
2907 1503 2958 1549 et
2993 1499 3386 1562 reprehensiones
3418 1499 3599 1563 patrias
3630 1515 3644 1549 ε
3670 1499 3763 1551 sed
3786 1501 3940 1552 altera
3973 1501 4045 1552 ills
4072 1502 4109 1552 in

2564 1592 2753 1648 nostra,
2785 1587 3072 1649 liberorum,
3095 1588 3331 1650 potestate
3362 1592 3502 1651 sunt,
3528 1601 3642 1652 quae
3664 1588 3900 1638 nimirum
3928 1589 3989 1639 ad
4008 1594 4110 1640 artes

2564 1688 2829 1739 earumque
2873 1689 3018 1725 usum
3056 1676 3331 1739 pertinent,
3377 1676 3599 1740 inprimis
3629 1676 3671 1727 si
3700 1678 3809 1741 ipse
3835 1682 3972 1741 pater
4004 1677 4113 1727 nulla

2527 1828 2529 1834 Ι
2565 1764 2677 1815 inde
2712 1763 2919 1814 laedatur
2969 1764 3158 1827 injuria.
3243 1764 3645 1828 Quandoquidem
3686 1767 3732 1815 sl
3791 1765 3966 1830 pictori
4002 1769 4113 1829 pata

2565 1853 2806 1916 iniungat,
2840 1856 2938 1903 Ista
2978 1852 3199 1917 quidem,
3234 1852 3329 1915 lili,
3362 1853 3528 1917 pinge,
3561 1853 3644 1903 illa
3685 1867 3788 1904 non
3811 1869 3825 1904 :
3850 1859 3904 1905 et
3930 1855 4113 1916 musico,

2567 1944 2700 1992 Hanc
2731 1942 2869 2005 pulsa
2895 1941 3221 2003 harmoniam,
3257 1941 3389 1991 illam
3410 1954 3535 2005 non;
3569 1946 3621 1992 et
3648 1942 3813 2004 tabu-o,
3836 1943 3972 1993 Talia
3997 1943 4112 1993 talu-i·

2565 2044 2701 2093 care,
2724 2030 2837 2080 talia
2873 2043 2969 2079 non
2995 2045 3007 2079 ε
3032 2043 3150 2079 num
3173 2030 3286 2093 quis
3313 2030 3435 2080 ferat
3466 2030 3692 2082 abdicare
3712 2031 3985 2095 volentem,
4005 2030 4115 2096 qnod

2566 2119 2693 2169 filius
2716 2131 2813 2168 non
2833 2122 2978 2183 prout
2999 2118 3091 2181 ipsi
3111 2118 3293 2182 placet,
3318 2121 3423 2169 arte
3443 2122 3640 2170 utatur?
3656 2121 3814 2171 Nemo
3840 2134 3994 2181 unns,
4013 2120 4115 2171 arli-

2569 2211 2683 2257 tror.

2638 2386 2716 2432 23.
2754 2380 2991 2431 Medicina
3032 2394 3149 2432 vero
3184 2393 3281 2445 quo
3316 2380 3560 2431 honestior
3602 2385 3682 2432 est
3715 2382 3767 2432 et
3805 2382 3922 2433 vitm
3954 2382 4114 2445 utihor,

2577 2473 2711 2519 tanto
2742 2469 2936 2519 liberior
2978 2483 3087 2519 esse
3118 2469 3263 2520 debet
3284 2469 3559 2532 utentibus3
3583 2474 3634 2520 et
3669 2470 4031 2533 praerogativam
4046 2470 4115 2519 ali·

2570 2572 2718 2623 quam
2737 2557 2915 2609 habere
2939 2558 3063 2608 hanc
3081 2561 3235 2608 artem
3248 2560 3434 2626 justum
3451 2562 3527 2608 est
3545 2558 3596 2608 in
3616 2557 3725 2623 ipsa
3744 2559 3912 2610 utendi
3932 2563 4114 2624 potesta*

2571 2651 2620 2698 te
2633 2660 2649 2710 ;
2663 2647 2767 2710 cogi
2782 2650 2945 2697 autem
2968 2647 3087 2697 nihil
3100 2683 3115 2708 ‚
3135 2660 3292 2710 neque
3310 2646 3532 2710 imperari
3550 2660 3653 2697 rem
3672 2652 3910 2710 sanctam,
3925 2646 4115 2698 traditan

2570 2745 2600 2785 a
2621 2735 2740 2799 diis,
2758 2735 3047 2798 sapientium
3078 2735 3291 2785 virorum
3314 2734 3529 2785 studium
3562 2738 3613 2785 et
3637 2748 3793 2799 opus;
3817 2748 3909 2787 nec
3923 2734 4113 2787 sevituti

2571 2823 2730 2885 legum
2753 2823 2953 2885 subjici,
2990 2836 3148 2886 neque
3171 2824 3323 2873 metui
3340 2827 3391 2873 et
3421 2835 3580 2887 pm
3592 2822 3773 2887 judicii
3794 2837 3952 2889 neque
3969 2823 4113 2874 suffia·

2570 2911 2673 2974 gio,
2697 2916 2746 2961 et
2759 2912 2903 2961 minis
2926 2912 3076 2975 patris
3090 2945 3105 2973 ,
3120 2916 3170 2961 et
3192 2912 3277 2962 irae
3297 2911 3544 2961 hominum
3563 2912 3915 2976 imperitorum.
3972 2915 4112 2974 itaqu

2570 3001 2760 3051 etiamsi
2775 3000 2868 3050 hoc
2893 3000 2960 3049 ita
2976 3003 3141 3063 aperte
3155 3000 3241 3050 tibi
3257 3014 3316 3050 ac
3332 2999 3511 3051 diserte
3529 3000 3767 3051 dixissem
3778 3037 3796 3065 ,
3816 3002 3961 3063 Nolo,
3979 3011 4110 3064 noque

2572 3101 2712 3150 curo,
2734 3088 2849 3139 licet
2870 3088 3079 3152 possim,
3105 3088 3192 3139 sed
3212 3089 3334 3139 mihi
3353 3088 3441 3138 soli
3465 3093 3619 3140 artem
3642 3089 3759 3139 novi
3775 3124 3792 3150 ,
3821 3093 3962 3152 atque
3985 3087 4105 3152 put.

2572 3177 2769 3240 reliquis
2791 3177 3016 3226 omnibus
3037 3176 3264 3227 indoctus
3280 3189 3388 3227 esse
3412 3176 3522 3227 volo
3546 3191 3561 3225 ι
3582 3177 3670 3240 qui
3696 3180 3929 3240 tyrannus
3951 3176 4011 3227 ita
4027 3175 4103 3225 vio·

2572 3265 2733 3316 lentus
2752 3302 2767 3328 ‚
2792 3265 2878 3329 qui
2901 3278 3069 3328 cogere
3092 3264 3267 3316 audeat
3295 3268 3346 3317 et
3363 3264 3571 3315 invitum
3607 3267 3714 3317 arte
3735 3278 3827 3317 sua
3846 3265 4100 3329 utinum-

2574 3354 2722 3404 velit?
2782 3356 2898 3404 Hoec
2910 3355 3038 3404 enim
3056 3354 3170 3403 talia
3188 3353 3615 3417 supplicationibus
3632 3358 3685 3404 et
3699 3354 3945 3418 precibus,
3959 3364 4041 3403 nm
4053 3350 4099 3400 le

2572 3443 2714 3507 gibus
2733 3446 2782 3492 et
2794 3442 2882 3492 iris
2911 3446 2961 3492 et
2983 3441 3177 3503 judiciis
3206 3442 3442 3504 subiicere
3457 3478 3474 3505 ,
3494 3445 3641 3506 puto,
3661 3442 3901 3494 convenit.
3940 3444 4095 3493 Pam

2572 3532 2709 3582 sione
2736 3531 2860 3580 vinci
2878 3530 3118 3581 medicum
3146 3533 3365 3594 oportet,
3387 3544 3484 3581 non
3503 3530 3709 3595 imperio
3725 3547 3741 3592 3
3760 3531 3910 3592 velle,
3927 3540 4009 3579 nm
4026 3528 4092 3577 ta·

2572 3620 2696 3681 reri;
2719 3619 2782 3668 ad
2814 3618 3108 3669 curationem
3140 3633 3235 3669 non
3265 3618 3514 3681 compelli,
3548 3618 3637 3669 sed
3664 3623 3838 3682 sponte
3873 3617 4088 3668 vniam

2572 3708 2794 3771 gaudere.
2860 3708 3168 3759 Necessitatis
3190 3709 3352 3757 autem
3371 3722 3400 3756 a
3423 3712 3559 3771 patre
3581 3706 3827 3770 impositas
3847 3717 3998 3771 expes
4012 3711 4087 3752 ωε

2572 3797 2716 3848 debet
2734 3810 2813 3846 ars
2831 3797 3041 3859 alioquin
3062 3796 3309 3857 immunis,
3328 3795 3721 3859 quandoquidem
3741 3795 3934 3847 medicis
3950 3789 4085 3857 μω»

2572 3886 2719 3935 etiam
2749 3884 2969 3933 civitates
3002 3883 3207 3931 honores
3234 3888 3284 3932 et
3314 3883 3477 3933 sedem
3511 3883 3834 3946 antiquiorem
3850 3873 4083 3934 cimai*

2576 3978 2696 4024 tates
2710 3977 2758 4023 et
2777 3973 3116 4036 praerogativas
3137 3971 3371 4021 tribuunt.

2638 4248 2714 4295 24.
2751 4248 2867 4295 Hoec
2907 4245 3052 4306 igitur
3075 4243 3299 4294 haberem
3332 4256 3441 4306 quae
3473 4242 3759 4306 simpliciter
3778 4235 4084 4306 -proartedioe-

2534 4366 2537 4382 ε
2573 4355 2703 4403 rem,
2730 4340 2874 4390 etiam
2898 4340 2940 4389 si
2969 4344 3072 4389 tute
3094 4339 3363 4389 docendum
3405 4351 3483 4388 me
3504 4351 3729 4389 curasses
3747 4376 3762 4400 ,
3790 4342 3841 4389 et
3861 4334 4088 4403 provid‘nffl

2574 4437 2780 4486 multum
2817 4440 2867 4485 et
2904 4435 2953 4484 in
2994 4435 3260 4485 doctrinam
3301 4447 3459 4485 meam
3496 4434 3846 4498 impendisses,
3868 4447 3948 4498 ego
3973 4435 4089 4482 tamt!

2574 4534 2623 4587 in
2648 4547 2743 4583 una
2767 4534 2856 4582 hac
2877 4532 3122 4582 curatione
3139 4567 3153 4591 ,
3183 4545 3335 4594 eaque
3367 4544 3488 4581 meae
3512 4532 3798 4595 potestatis,
3817 4532 4087 4596 nepum

2573 4630 2681 4682 Jam
2700 4640 2815 4676 vero
2837 4625 2954 4676 illud
2977 4625 3121 4675 etiam
3136 4625 3291 4687 cogita
3308 4661 3323 4685 ,
3343 4637 3489 4688 quam
3510 4628 3687 4687 praeter
3705 4638 3899 4677 omnem
3913 4623 4093 4674 ratim

2575 4720 2721 4770 facias
2734 4755 2748 4780 ,
2770 4732 2921 4782 quum
2946 4732 3054 4768 meo
3075 4731 3151 4767 me
3170 4717 3356 4779 peculio
3374 4715 3523 4766 libere
3542 4716 3615 4766 uti
3638 4729 3736 4767 non
3755 4716 3945 4781 patetis.
3997 4713 4094 4763 ΒΜ

2573 4826 2662 4876 ego
2684 4817 2835 4860 artem
2852 4846 2867 4871 ,
2890 4823 3043 4872 quum
3063 4814 3177 4859 tuus
3199 4822 3294 4858 non
3314 4822 3471 4858 essem
3485 4807 3615 4858 lilius
3631 4844 3648 4870 ‚
3667 4807 3871 4871 edidici,
3884 4806 4095 4873 quantu·

2576 4906 2668 4967 legi
2692 4905 2936 4967 subjectus
2960 4917 3055 4951 non
3078 4915 3237 4952 essem
3259 4916 3271 4949 :
3293 4906 3525 4951 ettamen
3554 4901 3645 4952 tibi
3661 4915 3773 4952 eam
3791 4901 3958 4962 didid3
3971 4891 4097 4961 aar*

2575 5012 2683 5048 mus
2705 4998 2915 5046 fructum
2935 4996 3063 5045 illius
3078 4995 3348 5059 percepisti,
3368 5008 3520 5058 quum
3536 4994 3657 5045 nihil
3675 5008 3704 5045 a
3725 5000 3774 5046 te
3791 4995 3856 5046 ad
3870 4988 4101 5045 discub-

2576 5089 2782 5153 praesidii
2803 5088 3044 5140 haberem.
3099 5091 3255 5145 Quem
3270 5086 3551 5148 magistrum
3560 5086 3844 5138 conduxisti
3855 5092 3878 5138 ?
3888 5096 4021 5150 quen
4036 5088 4102 5130 ΙΙῺ·

2575 5183 2951 5231 dicamentorum
2975 5184 3256 5244 apparatum
3278 5178 3470 5230 emisti?
3504 5180 3610 5228 Non
3637 5170 3836 5229 ullum':
3859 5176 3945 5229 sed
3963 5179 4106 5241 pant*

2574 5289 2663 5338 ego
2683 5281 2732 5326 et
2746 5275 3024 5325 necessariis
3042 5274 3187 5325 rebus
3201 5273 3465 5323 destitutus
3475 5307 3490 5332 ,
3508 5285 3593 5335 per
3607 5271 3984 5341 misericoediam
3995 5283 4027 5319 a
4037 5274 4110 5318 m·

2574 5373 2734 5436 gistris
2757 5371 3025 5423 erudiebar.
3090 5373 3248 5434 Atque
3269 5369 3380 5419 tana
3399 5369 3515 5418 mim
3538 5374 3678 5419 erant
3690 5383 3721 5419 a
3733 5374 3872 5434 μου
3887 5344 4117 5420 daim

2575 5469 2692 5518 dum
2715 5467 2905 5529 viatica,
2931 5465 3143 5526 tristitia,
3168 5461 3395 5525 solitudo,
3418 5462 3596 5525 inopia,
3629 5462 3803 5513 odium
3824 5460 4122 5518 santilisrhu,

2575 5559 2809 5610 aversatio
2823 5562 3147 5620 cognatorum.
3207 5559 3298 5607 l‘ro
3313 5554 3388 5605 his
3406 5554 3551 5618 igitur
3570 5555 3642 5606 uti
3656 5559 3761 5606 arte
3780 5568 3888 5607 mea
3903 5549 4128 5620 postult?
