4759 6600
402 764 460 820 m
961 750 1024 810 xx.
1047 749 1319 810 nunonrnox.
1345 719 1389 820 ιι,
1408 758 1450 808 ιι.
1484 756 1486 760 ’
1863 749 1879 825 γ,

400 874 550 959 ἶνΔυκῖνι,
563 882 623 964 περὶ
640 880 686 949 τλς
707 881 851 948 ἀποδόσεις·
867 880 924 939 ἐπεὶ
945 880 1005 948 τούς
1024 904 1054 961 γε
1079 882 1186 952 ἄλλους,
1231 887 1613 951 quoddebetiugrutut,i.yuine.
1648 885 1876 950 nlitoenimqntbuo

401 965 440 1041 οἷς
454 975 578 1045 δανείζει,
589 967 701 1037 πολλούς
712 970 799 1045 ὄντας,
815 967 887 1028 ούδέν
898 968 998 1028 τοιοῦτό
1011 994 1054 1028 πω
1069 968 1189 1028 διατέθει-
1231 977 1297 1036 (snut
1306 981 1385 1025 autem
1394 976 1486 1038 multi),
1496 976 1667 1038 nunnunquam
1676 976 1725 1024 tntu
1734 975 1804 1037 [στῶς
1815 975 1878 1026 suin

402 1082 456 1121 κεν·
470 1059 626 1123 ἀποδιδόασι
639 1058 689 1136 γὰρ
704 1060 776 1137 αύτῷ
790 1055 858 1115 κατὰ
873 1056 962 1136 καιρὸν
978 1055 1036 1124 τοθς
1049 1056 1147 1123 τόκους.
1230 1076 1316 1112 usuros
1326 1063 1435 1127 tempori.

445 1150 532 1211 ΛΥΚ.
555 1146 592 1208 Τί
603 1146 661 1217 δαὶ,
676 1145 708 1203 ἀν
721 1142 758 1221 μὴ
774 1146 944 1221 ἀποδιδῶσιν,
960 1134 982 1202 ἀι
996 1144 1122 1224 μακάριε,
1138 1142 1188 1221 με’-
1262 1157 1332 1204 LYc.
1349 1154 1412 1213 Quid
1423 1167 1494 1215 vero,
1510 1156 1589 1204 sinon
1603 1155 1734 1213 uoluunt«)
1751 1154 1836 1215 honre,
1847 1169 1879 1205 uu

403 1237 446 1295 λιι
458 1258 485 1295 τι
494 1237 567 1315 αὐτῷ
576 1230 731 1312 καθαρθέντι
743 1231 794 1302 ἤδη
808 1230 858 1289 ὑπὸ
872 1230 1022 1313 ριλοσορίας
1036 1230 1081 1288 καί
1094 1230 1188 1308 μηκέτι
1231 1242 1290 1304 ipsi,
1298 1248 1397 1306 purgato
1401 1243 1452 1305 jum
1461 1243 1630 1306 uphitouoptriu
1635 1246 1675 1303 ,et
1682 1241 1770 1291 relictis
1776 1242 1879 1292 iiiisiu(

405 1325 458 1383 τῶν
473 1324 500 1382 ἐν
514 1326 547 1401 τῆ
559 1319 629 1398 Οίτη
644 1316 890 1394 καταλελειμμένων
902 1317 1029 1398 δεομένῳ;
1231 1330 1348 1391 nihilium
1360 1330 1488 1392 indigenti?

448 1411 538 1472 EPM.
560 1405 620 1467 Οίει
638 1404 689 1487 γάρ
703 1405 743 1463 ὅτι
764 1409 857 1464 ἐαυτοῦ
871 1405 949 1485 χάριν
964 1408 1059 1471 ἐκεῖνος
1077 1404 1137 1484 περὶ
1154 1404 1188 1463 τὰ
1263 1419 1359 1465 HERM.
1377 1420 1452 1465 Putas
1464 1415 1527 1465 enim
1542 1428 1586 1463 suu
1602 1416 1682 1478 ipsum
1701 1428 1774 1464 tunsa
1788 1414 1879 1464 tubum

406 1502 516 1556 τοιαῦτα
532 1492 710 1563 ἐσπούδακενς
727 1493 785 1551 ἀλλ’
799 1492 868 1551 ἐστιν
889 1494 961 1572 αὐτῷ
977 1493 1069 1550 παιδία
1081 1490 1188 1570 νεογνά,
1232 1503 1292 1552 bus?
1323 1507 1414 1552 Verum
1426 1506 1482 1551 sunt
1491 1503 1536 1565 ipsi
1545 1502 1614 1565 parri
1622 1503 1704 1564 liberi,
1718 1515 1879 1564 quorumour.

407 1574 445 1643 ῶν
459 1582 568 1653 κήδεται
582 1579 620 1658 μῆ
635 1583 662 1639 ἐν
676 1578 774 1661 ἀπορία
786 1579 982 1640 καταὸιύισωσι.
1231 1604 1261 1640 no
1273 1591 1357 1653 iuopoo
1368 1592 1441 1639 vitain
1451 1596 1530 1651 agunt.

449 1673 535 1733 ΛΥΚ.
557 1667 636 1737 Δέον,
653 1657 675 1725 ἀι
690 1666 851 1747 Ἑρμότιμε,
872 1668 1012 1745 ἀναγαγεῖν
1026 1669 1132 1724 κάκεῖνα
1146 1664 1189 1724 ἐπί
1262 1681 1332 1728 LYc.
1349 1678 1493 1740 Oportebat,
1504 1678 1664 1736 Hermotimo,
1676 1677 1778 1727 eduoore
1791 1678 1879 1727 utiiiot

408 1756 457 1830 τῆν
470 1755 574 1837 ἀρετὴν,
592 1759 627 1822 ὡς
643 1756 866 1832 συνευδαιμονοῖεν
882 1758 953 1834 αὐτῷ
967 1753 1080 1812 πλούτου
1102 1776 1187 1811 κατα·
1207 1730 1213 1791 ί
1231 1769 1295 1826 tom,
1314 1770 1342 1814 ut
1359 1768 1410 1828 pari
1425 1779 1480 1814 cum
1495 1765 1549 1828 ipso
1570 1764 1681 1814 felicitate
1700 1765 1810 1815 imontur
1827 1766 1852 1814 in
1872 1782 1879 1814 t

409 1850 567 1927 φρονοῦνῖῑς·
1231 1859 1362 1902 contemtu.

453 1943 498 1992 11.
520 1933 609 1991 ΕΡΜ.
631 1932 672 1988 Οὐ
687 1928 770 2009 σχολή
786 1918 1003 2006 promittuntur,
1017 1925 1077 2007 περὶ
1091 1924 1188 1984 τούτων
1264 1947 1300 1990 tt.
1318 1944 1413 1990 Hunni.
1430 1943 1482 1990 Non
1490 1943 1560 1989 ruunt
1570 1938 1879 2001 mriri‚chiue,detriodit

410 2018 576 2097 διαλέγεσθαί
588 2040 637 2076 σοι·
653 2018 758 2076 σπεύδω
771 2017 822 2097 γὰρ
837 2018 888 2089 ἤδη
903 2015 1084 2093 ἀκροάσασθαι
1098 2017 1187 2087 αἰετοῦ,
1231 2042 1299 2088 cum;
1309 2029 1358 2090 jam
1369 2029 1431 2076 enirn
1443 2026 1567 2077 sustinui
1579 2027 1659 2089 ipsum
1672 2025 1833 2087 audientium,
1843 2041 1874 2077 ue

410 2104 447 2183 μῆ
459 2106 504 2165 καὶ
513 2107 585 2166 λάθω
596 2104 689 2171 τελέως
699 2104 870 2185 ἀπολειφθείς.
1231 2117 1335 2179 prudens
1346 2117 1414 2177 piune
1426 2128 1479 2165 sero
1488 2113 1590 2163 veniam.

450 2196 536 2255 ΛΥΚ.
558 2192 672 2273 Θάρρει,
690 2181 785 2270 ἀγαθέ·
803 2191 833 2250 τὸ
854 2191 967 2272 τήμερον
988 2188 1039 2271 γάρ
1058 2188 1188 2270 ἐκεχειρία
1262 2206 1332 2253 LYc.
1350 2206 1415 2253 [tono
1432 2216 1459 2251 oo
1476 2203 1568 2263 animo,
1580 2201 1643 2251 boue
1660 2200 1715 2251 vir:
1730 2201 1804 2251 trodio
1820 2200 1879 2250 euin

410 2281 577 2361 ἐπήγγελται·
599 2278 666 2340 ὥστε
681 2280 733 2359 ἐγὼ
747 2279 843 2361 ἀφίημί
858 2302 899 2338 σοι
913 2277 972 2337 ὅσον
991 2277 1029 2337 ἐτι
1048 2278 1079 2336 τὸ
1097 2277 1188 2338 λοιπὸν
1231 2292 1381 2341 denunciatio
1398 2296 1467 2352 sunt;
1486 2291 1568 2352 ituquu
1584 2284 1688 2352 egotibi
1705 2288 1769 2351 qnod
1781 2289 1879 2352 reliqum

409 2375 456 2441 τῆς
465 2371 534 2430 όδοῶ.
1115 2371 1119 2388 “
1232 2381 1337 2429 remitto.

451 2461 539 2520 EPM.
562 2461 624 2526 Πῶς
637 2456 733 2536 λέγοις
1262 2470 1357 2517 nunu.
1374 2465 1438 2524 Quin
1449 2466 1501 2515 ωε

450 2549 537 2609 ΛΥΚ.
560 2543 624 2605 Ὅτι
641 2547 667 2603 ἐν
683 2547 721 2625 τῷ
739 2542 849 2622 παρόντι
866 2544 914 2602 οὔκ
931 2542 963 2602 ἀν
978 2543 1041 2609 ἐδοις
1060 2540 1146 2615 αύτθν,
1165 2542 1190 2601 εί
1261 2558 1331 2605 LYC.
1348 2554 1400 2604 Tibi
1417 2554 1480 2603 itlius
1493 2554 1543 2616 jum
1560 2551 1652 2615 oppium
1664 2565 1712 2601 non
1732 2551 1853 2611 intutum,
1873 2564 1879 2598 ι

410 2657 440 2711 γε
457 2631 511 2713 χρῆ
529 2630 661 2691 πιστεύειν
680 2635 718 2710 τῷ
738 2630 936 2710 προγράμματι·
955 2631 1074 2690 πινάκιον
1092 2630 1143 2709 γάρ
1163 2654 1188 2688 τι
1232 2643 1408 2693 θύεσθαθουιίι
1420 2641 1594 2705 programmati.
1627 2640 1724 2689 'sabeth
1732 2640 1879 2702 enimonspe

411 2720 540 2802 ἐκρέματο
551 2719 616 2799 θπλρ
627 2723 672 2777 τοῦ
687 2719 803 2784 πυλῶνος
812 2719 935 2797 μεγάλοις
949 2719 1089 2799 γράμμασι
1098 2717 1187 2796 λέγον,
1230 2732 1375 2782 restitutum
1391 2732 1484 2793 magnis
1499 2729 1573 2779 literis
1588 2729 1675 2792 scriptu
1686 2726 1879 2789 nimionimio

363 2863 366 2868 .
411 2806 781 2888 τῆμερονώσυμριλοσορεῖν.
823 2805 1048 2888 Ἐλέγετοδέπαρ’
1058 2807 1188 2888 Εὐκράτει
1230 2834 1278 2869 που
1289 2820 1419 2882 disputare.
1452 2817 1580 2867 Dicebatur
1588 2821 1668 2865 autem
1677 2814 1743 2878 apud
1753 2818 1878 2864 Euorutem

411 2899 449 2975 τῷ
467 2894 537 2954 πάνυ
557 2893 698 2964 δειπνήσας
715 2890 776 2972 χθές
791 2892 910 2970 γενέθλια
928 2895 1052 2973 θυγατρὸς
1070 2898 1188 2954 ἑστιῶντι
1230 2909 1309 2967 iilum,
1320 2907 1373 2956 iliae
1384 2906 1542 2955 ευωιιοιοίοιιι
1549 2904 1590 2967 qui
1599 2903 1728 2953 celebraret
1736 2901 1878 2961 oonririo,i

411 2982 496 3041 πολλά
514 3005 542 3040 τι
557 2982 783 3062 συμφιλοσοφῆσαι
802 2982 830 3039 ἐν
846 2985 885 3061 τῷ
902 2982 1041 3062 συμποσίῳ
1060 2981 1106 3040 καί
1124 2981 1187 3063 πρὸς
1232 3001 1284 3055 tns,
1304 3000 1354 3043 tnnr
1373 2994 1509 3055 disputasse
1521 2991 1596 3040 multa
1608 2991 1633 3039 iu
1646 2989 1771 3049 convivio,
1788 2989 1842 3038 tum
1855 2991 1879 3037 Er

411 3069 565 3146 Εὐθύδημον
578 3067 622 3126 τόν
635 3070 665 3126 ἐκ
677 3073 722 3127 τοῦ
735 3066 887 3148 Περιπάτου
900 3068 1091 3150 παροξυνθῆναί
1103 3093 1129 3127 τι
1143 3070 1188 3128 καὶ
1231 3083 1387 3145 Peripatetico
1399 3082 1480 3129 iratior·
1490 3083 1639 3128 oonoertusoe
1654 3090 1711 3126 cum
1724 3076 1767 3126 iliu
1781 3075 1865 3136 titiis,

412 3156 613 3234 ἀμφισόητῆσαι
632 3157 703 3235 αύτῷ
717 3157 777 3237 περὶ
790 3148 827 3214 ὧν
842 3159 935 3215 ἐκεῖνοι
949 3156 1069 3216 εἰώθασιν
1085 3156 1186 3215 ἀντιλέ-
1230 3171 1263 3219 illi
1274 3169 1350 3218 solent
1361 3168 1521 3217 contrudioero
1530 3166 1628 3225 stoieio3
1638 3165 1766 3213 autumare
1774 3176 1879 3225 rerooup

411 3267 465 3324 γειν
479 3245 531 3311 τοῖς
545 3242 598 3303 tot
611 3247 659 3315 τῆς
673 3245 766 3310 Στοᾶς·
784 3242 835 3302 ὑπό
847 3266 876 3302 τε
891 3234 935 3302 οάν
948 3250 995 3316 τῆς
1010 3250 1124 3326 κραυγῆς
1135 3268 1187 3304 πυ-
1230 3257 1290 3316 Ιοιι,
1302 3261 1326 3306 et
1342 3255 1442 3305 sudasse
1457 3254 1600 3318 plurimum,
1613 3254 1731 3315 protractu
1740 3251 1765 3299 iu
1775 3250 1878 3300 modium

411 3332 493 3413 νήρως
501 3331 548 3404 τῆν
557 3331 672 3412 κεραλῆν
682 3333 830 3402 διατεθῆναι
840 3330 885 3390 καλ
901 3334 1010 3413 ἱδρῶσαι
1020 3333 1093 3410 μάλα
1100 3332 1187 3392 πολλὰ
1231 3343 1523 3406 utainnt,congressioue.
1546 3339 1879 3402 simulvurobibernt,puto,1

411 3421 436 3485 ἐς
450 3416 532 3496 μέσας
542 3416 637 3484 νύκτας
650 3417 835 3490 ἀποταθείσης,
846 3415 881 3485 ὥς
892 3442 969 3499 φασι,
980 3424 1026 3490 τῆς
1042 3420 1186 3485 συνουσίας·
1230 3433 1289 3481 satis
1303 3433 1360 3491 suit,
1369 3445 1458 3495 quum,
1469 3435 1496 3479 ut
1510 3429 1560 3479 steri
1575 3428 1647 3489 solet,
1662 3427 1771 3476 oouvivae
1786 3426 1854 3475 ilium
1866 3425 1879 3474 ir

412 3505 469 3580 ἅμα
483 3504 511 3563 δέ
524 3505 569 3564 καλ
592 3504 737 3576 ἐπεπώκει,
754 3497 841 3583 οἶμαι,
858 3507 936 3565 πλέον
954 3513 999 3566 τοῦ
1014 3510 1117 3578 ἱκανοῦ,
1135 3512 1187 3565 τῶν
1230 3518 1456 3569 invitatiuncutisod
1467 3516 1595 3568 bibendum
1604 3512 1879 3578 prorocarout3porropi

410 3590 557 3672 παρόντων,
572 3591 1188 3673 ῶςεἰκὸς,φιλοτησίαςπροπινόντων,καλέδε-
1230 3622 1273 3671 pro
1289 3620 1359 3668 sene,
1378 3606 1424 3655 cibi
1441 3609 1566 3654 sumserat.
1599 3602 1673 3664 Igitur
1688 3601 1788 3650 domum
1805 3613 1879 3650 τειστε

411 3678 542 3749 δειπνῆκει
549 3680 627 3736 πλέον
637 3676 654 3748 ῆ
663 3678 730 3736 κατὰ
738 3678 853 3758 γέροντα·
860 3679 928 3738 ὥστε
935 3679 1188 3762 ἀναστρέψαςῆμεσέ
1230 3696 1305 3753 muti,
1314 3700 1341 3742 nt
1351 3694 1431 3752 ninnt,
1441 3693 1550 3754 copiose,
1560 3696 1584 3740 et
1598 3703 1674 3753 quum
1683 3688 1788 3752 primurn
1803 3700 1879 3736 annun

411 3789 454 3837 τε,
469 3769 503 3831 ὡς
517 3765 640 3846 ἐρασκον,
658 3763 742 3822 πολλὰ
759 3767 803 3823 καὶ
818 3765 895 3843 μόνον
909 3769 1012 3847 ἀριθμῷ
1025 3768 1187 3846 παραλαόὼν
1227 3784 1339 3845 jussisset
1349 3782 1427 3830 curuis
1436 3782 1525 3840 irnsta,
1536 3789 1696 3841 quaepneroa
1707 3780 1773 3838 tergo
1782 3775 1879 3825 otuutitr

411 3852 444 3910 τὰ
457 3851 536 3934 κρέα,
551 3852 634 3910 ὁπόσα
648 3855 686 3932 τῷ
695 3853 768 3910 παιδὶ
780 3853 891 3912 κατόπιν
903 3859 996 3913 ἑστῶτι
1007 3855 1188 3936 παραδεδώκει
1230 3877 1254 3920 οι
1265 3876 1346 3918 comte
1360 3883 1388 3918 eu
1401 3868 1562 3929 obsignasset
1574 3865 1605 3914 ab
1614 3878 1643 3913 eo
1657 3863 1713 3913 inde
1727 3861 1879 3925 temporodo

410 3941 455 3998 καί
476 3939 659 4018 σημηνάμενος
679 3942 809 4016 ἐπιμελῶς
829 3941 858 4000 τὸ
872 3942 929 4000 ’ἀπ’
950 3942 1046 4001 ἐκείνου
1070 3943 1188 4002 καθεύδει
1230 3954 1640 4021 per-utonequisintruudmittutur.
1672 3951 1879 4001 flaeoautometu‘

410 4027 510 4098 μηδένα
533 4025 696 4106 εἰσδέχεσθαι
717 4029 904 4108 παραγγειλας.
947 4033 972 4089 Τ
974 4036 1040 4089 αῶτα
1063 4030 1090 4089 δέ
1114 4032 1187 4092 Μίδα
1230 4046 1282 4106 ejus
1297 4058 1381 4103 norro,
1399 4046 1509 4092 narrante
1524 4039 1667 4104 qrribusdom
1683 4038 1760 4100 ipsius
1771 4036 1879 4100 discipul<

409 4116 510 4184 ῆκουσα
523 4122 567 4174 τοῦ
582 4116 682 4175 οἰκέτου
697 4118 774 4175 αὐτοῦ
787 4116 955 4193 διηγουμένου
971 4117 1024 4177 τισὶ
1035 4123 1086 4177 τῶν
1102 4124 1188 4195 μαθη-
1230 4138 1253 4182 et
1263 4132 1322 4195 ipsi,
1332 4132 1401 4181 multi
1411 4144 1480 4191 sune,
1492 4128 1678 4178 revertebantur.

410 4207 471 4274 τῶν,
484 4202 509 4261 oi
518 4203 564 4261 καλ
575 4204 649 4262 αὐτοὶ
660 4203 812 4284 ἀνέστρερον
825 4204 900 4281 μάλα
914 4205 1016 4264 πολλοί.

454 4300 498 4352 12.
521 4292 608 4351 ΕΡΜ.
629 4290 776 4370 Ἐκράτησε
790 4291 817 4348 δέ
831 4291 950 4370 πότερος,
964 4281 1100 4365 ῶΛυκῖνε,
1118 4297 1133 4351 θ
1147 4295 1186 4351 δι-
1264 4304 1298 4346 ιι.
1315 4301 1411 4347 Hunni.
1430 4301 1574 4355 meruero,
1590 4293 1692 4356 Lycine,
1708 4292 1820 4342 disoosoit
1834 4303 1879 4353 sup

410 4376 539 4443 δάσκαλος
557 4375 575 4446 ῆ
591 4378 782 4454 όΕὖθύδημοςς
802 4377 827 4435 εί
842 4400 868 4434 τι
887 4377 933 4437 καί
948 4384 1062 4437 τοιοῦτον
1074 4380 1188 4458 ἐλεγενὸ
1230 4389 1310 4434 otorne
1325 4398 1395 4434 rneus
1410 4398 1441 4433 uu
1457 4381 1669 4444 Euthydemusioi
1680 4379 1739 4443 quid
1756 4379 1806 4429 tuto
1818 4379 1879 4429 etim

410 4464 506 4531 Μίδας.
1230 4473 1314 4522 Midas.

448 4553 536 4614 ΛΥΚ.
557 4549 600 4612 T&
615 4548 662 4629 μέν
676 4549 768 4632 πρῶτά
782 4574 869 4632 φασιν,
884 4541 906 4611 ὦ
921 4550 1083 4633 Ἦρμότιμε,
1096 4555 1187 4633 ἀγχώ-
1260 4562 1331 4610 LYc.
1349 4560 1429 4609 Primo
1444 4559 1540 4622 quidem
1556 4570 1626 4620 atquo
1642 4557 1692 4605 iero
1706 4557 1783 4605 Marte
1796 4556 1879 4618 pugnat

410 4641 484 4719 μαλα
504 4638 577 4722 σρίσι
595 4636 729 4717 γενέσθαι,
746 4637 776 4697 τὸ
790 4639 812 4697 δ’
830 4631 874 4697 οὖν
889 4637 961 4706 τέλος
978 4644 1025 4711 τῆς
1040 4640 1112 4712 νίκης
1129 4645 1187 4699 καθ’
1229 4651 1335 4696 ceterum
1349 4647 1518 4695 inisrictoriae
1532 4657 1659 4708 peuuorou
1673 4643 1733 4703 init,
1747 4643 1879 4704 muitumqn

409 4733 478 4808 ὑμᾶς
497 4727 598 4807 ἐγένετο
611 4726 656 4787 καλ
677 4724 749 4808 παρὰ
766 4725 834 4785 πολὺ
854 4730 868 4784 ὁ
885 4726 1034 4807 πρεσόύτης
1051 4727 1187 4809 ὑπερέσχε·
1229 4735 1400 4798 nexsnperior.
1431 4733 1608 4795 Euthydemum
1623 4732 1744 4782 ouimnec
1757 4731 1879 4780 iuoruoutu

408 4818 452 4876 τδν
473 4823 534 4895 γοῦν
558 4816 712 4893 Εὐθύδημον
730 4815 783 4875 οιίδΙ
805 4813 935 4890 ἀναιμωτί
959 4837 1038 4896 ρασιν
1057 4817 1186 4886 ἀπελθεῖν,
1230 4817 1879 4883 sisseainnt,sodvulnushubentemiucuprteruuirnut

409 4903 478 4965 ἀλλά
488 4910 593 4987 τραῦμα
611 4902 778 4981 παμμέγεθες
798 4901 891 4982 ἔχοντα
912 4904 938 4960 ἐν
953 4908 985 4981 τῇ
1003 4904 1114 4982 κεραλῆ·
1131 4903 1188 4961 ἐπεὶ
1229 4903 1879 4968 eninrinsulensessot,etoouvinoereroetrumotudio

407 4993 458 5074 γάρ
471 4991 574 5061 ἀλαζὼν
588 4983 619 5063 ῆν
628 4990 673 5050 καί
681 4989 827 5069 ἐλεγκτικὸς
838 4989 883 5048 καὶ
896 4989 1029 5050 πείθεσθαι
1039 4992 1086 5049 οὐκ
1098 4990 1187 5061 ἤθελεν
1229 5004 1253 5046 et
1265 4998 1401 5059 persuaderi
1408 4998 1453 5046 sibi
1463 4997 1548 5056 nollet,
1557 5009 1601 5045 uec
1612 4994 1705 5044 incitem
1716 4993 1831 5044 refutanti
1839 5005 1866 5041 ιο

408 5079 468 5140 οάδέ
482 5081 593 5159 παρεῖχε
612 5078 699 5159 ῥᾴδιον
718 5077 796 5138 αὑτὸν
813 5076 979 5156 ἐλέγχεσθαι,
998 5082 1012 5137 ὁ
1033 5076 1188 5143 διδάσκαλός
1229 5087 1335 5148 optimus
1349 5084 1387 5133 ilie
1397 5089 1453 5133 tuno
1464 5084 1584 5146 magister,
1598 5095 1671 5145 quem
1684 5082 1746 5131 torto
1758 5079 1862 5130 huhuht
1876 5095 1879 5124 ι

409 5192 455 5228 σου
471 5171 485 5226 θ
497 5167 630 5248 βέλτιστος
644 5164 672 5224 δν
686 5155 741 5244 εἶχε
753 5162 849 5245 σκύρον
861 5163 1016 5247 Νεστόρειόν
1032 5186 1088 5221 τινα
1102 5187 1186 5221 κατα·
1230 5175 1372 5221 Nestoreum
1381 5170 1514 5234 quendum,
1524 5169 1633 5233 impingit
1644 5170 1668 5218 iu
1678 5169 1745 5218 ilium
1755 5177 1879 5232 propeuot

408 5257 479 5336 ρέρει
499 5257 578 5314 αύτοῶ
599 5253 709 5325 πλησίον
724 5252 926 5330 κατακειμένου,
944 5252 990 5311 καί
1008 5249 1089 5319 οὕτως
1108 5250 1187 5332 ἐκρά-
1229 5259 1485 5322 utquuitasuperorit.

410 5364 496 5413 τησεν.

448 5430 534 5489 ΕΡΜ.
556 5419 597 5490 Ei
611 5452 649 5506 γε·
667 5431 697 5488 ού
714 5428 765 5510 γὰρ
785 5429 871 5496 ἄλλως
894 5431 973 5509 ἐχρῆν
991 5426 1055 5509 πρὸς
1069 5425 1128 5494 τούς
1148 5426 1186 5506 μῆ
1258 5437 1356 5485 nunni.
1384 5437 1477 5484 Bonum
1495 5434 1596 5482 tactum!
1617 5433 1776 5495 nequeenim
1797 5433 1868 5486 aliter

411 5510 542 5582 ἐθέλοντας
552 5516 629 5574 είκειν
641 5524 695 5583 τοίς
710 5515 862 5597 κρείττοσιν.
1228 5523 1343 5574 advorsus
1352 5536 1394 5575 οοε
1402 5521 1533 5586 quioedero
1542 5519 1679 5570 melioribus
1687 5523 1808 5572 munt.
