4759 6600
553 747 584 795 n

582 889 611 902 -
628 860 651 907 ³.
663 859 786 910 Μενίππου
793 896 800 919 ,
812 859 949 922 Ἀμφιλόχου
959 861 998 908 καὶ
1009 860 1149 924 Τροφωνίου.

690 930 808 991 Menippi,
822 930 971 992 Amphilochi
982 934 1008 979 et
1020 931 1157 994 Trophonii.

581 1038 613 1051 ...
628 1010 652 1057 i.
663 1010 750 1071 Ἑρμοῦ
759 1009 798 1054 καὶ
815 1008 932 1071 Χάρωνος.

691 1077 803 1127 Mercurii
814 1079 838 1126 et
854 1077 991 1127 Charonhs.

501 1165 503 1170 '
582 1185 615 1198 -
630 1158 653 1202 5.
663 1156 800 1211 Πλούτωνος
814 1156 854 1203 καὶ
864 1156 960 1220 Ἑρμοῦ.

690 1226 800 1275 l’lutonis
808 1229 833 1275 et
845 1225 968 1275 Mercurii.

582 1331 614 1346 -ι
629 1305 651 1349 b.
661 1304 792 1368 Τιρψίωνος
801 1305 841 1352 καί
852 1304 996 1359 Πλούτωνος.

692 1374 830 1437 Τεεμείοιιίε
841 1375 866 1423 et
876 1373 993 1423 PlutouIs.

584 1480 614 1493 -
630 1456 653 1502 7.
666 1456 808 1519 Ζηνοράντου
818 1459 858 1506 καὶ
875 1456 1052 1518 Καλλιδημίδου.

692 1528 852 1590 Zenophauiae
862 1530 888 1577 et
899 1525 1073 1578 callidemidoe.

583 1632 616 1647 -
631 1607 654 1653 8,
666 1606 792 1668 Κνήμωνος
801 1607 841 1655 καὶ
852 1605 998 1668 Δαμνίππου.

693 1677 825 1726 cnemouis
836 1679 861 1725 et
870 1674 1008 1738 Damnlppi.

605 1782 617 1793 ·
632 1755 655 1802 9.
667 1755 766 1815 Σιμύλου
776 1755 816 1802 καί
827 1752 999 1817 Πολυστράτου.

693 1823 778 1885 Simyli
789 1825 814 1873 et
824 1823 961 1886 Polystrati.

585 1904 656 1950 ..tu
667 1902 775 1967 Κέρωνος
784 1905 824 1952 καὶ
834 1905 920 1967 Ἑρμοῦ
930 1904 970 1950 καὶ
980 1905 1066 1967 νεκρῶν
1076 1901 1198 1966 διαφόρων.

693 1970 1317 2023 Charontbetldercuriietmortuurumdiversorum.

585 2059 628 2103 -l
635 2058 656 2105 l.
668 2055 784 2119 Κράτητος
794 2058 834 2105 καὶ
850 2058 979 2118 Διογένους.

693 2126 797 2177 cratetIs
808 2131 833 2176 et
846 2126 969 2188 Diogenis.

585 2207 655 2252 -12,
667 2204 818 2269 Ἀλεξάνδρου,
829 2204 939 2264 Ἆννίόου,
951 2203 1042 2259 Μίνωος
1052 2204 1092 2251 καὶ
1103 2204 1237 2259 Σκηπιωνος

687 2274 837 2333 Alexandri,
852 2274 986 2332 Annibalis,
1003 2272 1100 2331 Minois,
1113 2270 1239 2334 Scipionis.

585 2355 655 2403 -13,
667 2355 788 2415 Διογένους
798 2355 838 2402 καὶ
849 2353 999 2417 Ἀλεξάνδρον.

693 2424 808 2485 Diogenis
821 2428 846 2472 et
856 2422 993 2471 Alexandri.

585 2501 656 2548 -tt.
669 2501 787 2551 Φιλίππου
797 2502 837 2549 καὶ
848 2499 999 2564 Ἀλεξάνδρου.

694 2571 799 2633 Philippi
810 2572 835 2619 et
845 2569 983 2620 Alexandri.

586 2653 656 2699 —ltu
669 2652 787 2713 Ἀχιλλέως
797 2652 837 2699 καὶ
847 2649 985 2711 Ἀντιλόχου.

695 2721 793 2771 Achillis
805 2726 830 2771 et
840 2720 970 2771 Antilochi.

586 2800 656 2847 -t6.
667 2800 788 2862 Διογένους
798 2800 837 2848 καὶ
848 2798 994 2863 Ἡρακλέους.

694 2869 807 2931 Diogenis
816 2872 840 2918 et
851 2867 969 2918 llerculis.

587 2948 657 2996 -ll,
668 2948 790 2997 Μενίππου
800 2950 840 2997 καὶ
850 2946 978 2997 Ταντάλου.

694 3017 800 3081 Μεοίρρί
812 3021 836 3067 et
851 3016 954 3068 Tantali.

586 3081 655 3140 -ta.
667 3093 789 3143 Μενίππου
799 3096 839 3143 καὶ
853 3097 948 3159 Ἑρμοῦ.

695 3166 800 3228 hleuippi
812 3168 837 3215 et
850 3165 970 3215 Mercurii.

588 3244 657 3290 -19,
670 3246 768 3306 Αἰακοῦ,
780 3244 952 3308 Πρωτεσιλάου,
963 3243 1081 3294 Μενελάου
1091 3244 1130 3292 καί
1148 3243 1256 3310 Πάριδος.

695 3316 775 3375 AEaci,
788 3317 927 3376 Protesilai,
939 3316 1040 3366 Menelai
1052 3327 1080 3365 ac
1092 3315 1194 3365 Paridis.

587 3397 657 3441 -20.
669 3394 791 3443 Μενίππου
801 3395 840 3442 καὶ
851 3395 947 3443 Αἰακοῦ.

694 3463 799 3526 Μεσίμρί
811 3466 836 3513 et
845 3464 919 3512 Aiaci.

586 3543 658 3589 -ll,
669 3541 791 3590 Μενίππου
801 3543 841 3590 καὶ
852 3542 975 3606 Κερὸίρου.

694 3611 800 3674 lleuippl
811 3615 836 3661 et
849 3611 955 3662 cerberl.

588 3689 657 3737 -22
669 3688 777 3752 Χάρωνος
787 3691 827 3737 καὶ
838 3690 968 3739 Μενίππου.

696 3759 834 3819 Charontis,
845 3760 951 3823 blenippi
962 3764 994 3819 (et
1003 3761 1134 3820 blereurii).

587 3838 656 3886 -23.
671 3839 841 3902 Πρωτεσιλάου,
852 3841 987 3896 Πλούτωνος
997 3843 1036 3889 καὶ
1049 3840 1199 3904 Περσερόνης.

698 3909 830 3970 Protesilai,
842 3909 951 3971 Plutonis
962 3916 986 3960 et
997 3910 1152 3973 Prosenriuoe.

589 3989 657 4036 -ιι,
671 3989 791 4050 Διογένους
801 3991 841 4038 ναι
853 3976 995 4038 trinuba-r.

698 4058 810 4120 Diogenis
822 4063 847 4109 et
858 4060 969 4109 Mausoli.

589 4140 657 4182 -25.
670 4138 756 4200 Νιρέως
765 4141 805 4188 καὶ
816 4139 928 4202 θερσίτου
938 4141 978 4188 ml
989 4140 1117 4189 Μενίππου,

696 4206 775 4266 ltirei,
787 4208 903 4258 Tirorsitu
913 4213 938 4258 ct
950 4209 1063 4272 blenippi.

588 4285 657 4329 -20-
669 4285 791 4335 Μενίππου
802 4290 842 4336 καὶ
854 4288 975 4351 Χείρωνος,

702 4358 808 4420 Alcqupi
820 4362 845 4408 ut
856 4358 976 4408 Chironis.

588 4440 656 4486 -27.
669 4438 790 4497 Διογένους
799 4439 839 4485 καὶ
849 4438 1000 4492 Ἀντισθένους
1011 4438 1050 4485 καὶ
1062 4436 1187 4500 Κράτητος.

606 4522 609 4526 “
697 4507 817 4566 Diogenis,
828 4506 977 4556 Antisthenis
989 4511 1013 4556 et
1024 4506 1136 4556 Cratetis.

587 4588 656 4633 -28,
669 4586 790 4634 Μενίππου
800 4587 839 4633 καὶ
850 4583 977 4648 Τειρεσίου.

695 4654 800 4716 blenippi
809 4658 833 4703 at
845 4654 951 4703 Tiresiae.

587 4737 657 4782 ..ab
669 4732 765 4788 Αἱαντος
775 4734 814 4780 καὶ
822 4733 999 4794 Ἀγαμέμνονος.

696 4803 774 4865 Ajacis
785 4806 811 4853 et
822 4803 1015 4866 Agamemnonis.

586 4888 654 4932 -30,
668 4883 759 4940 Μίνωος
769 4885 809 4932 nul
819 4883 963 4946 Σωστράτου.

694 4954 782 5004 Minois
795 4958 820 5006 et
831 4955 940 5004 Sostrati.

587 5130 628 5177 XI.
661 5128 779 5183 Μένιππος
790 5129 805 5184 ll
816 5127 995 5189 Ναυομαντιία.

695 5197 1010 5259 Menippussircoraculum
1016 5200 1317 5249 mortuummconsultum.

587 5281 640 5328 XII.
668 5277 758 5342 Χάρων,
771 5281 786 5337 ἢ
797 5281 999 5335 'umanum

694 5349 791 5398 ctnrou
801 5349 853 5398 sire
867 5349 1069 5413 Contemplautes.

591 5429 653 5478 lilii.
665 5431 721 5493 Περὶ
733 5431 827 5481 θυσιῶν,

696 5503 730 5550 De
742 5499 874 5550 sacrificiis.

1158 732 1319 793 SCRIPTA
1340 732 1509 794 LUCIANI.

1334 866 1339 928 ι
1389 861 1627 926 nummum.

1496 931 1607 981 Vitarum
1623 932 1712 981 auctm.

1389 1012 1441 1061 XV.
1465 1012 1573 1070 Ἁλιεὺςῆ
1583 1014 1745 1070 Aeaeum.

1501 1083 1609 1131 Piscator
1624 1083 1662 1132 rel
1674 1083 1860 1133 lteririsuentes.

1291 1213 1295 1220 Ι
1390 1159 1454 1208 XVI.
1465 1159 1612 1220 Κατάπλους,
1622 1163 1638 1219 ἢ
1649 1162 1771 1225 Τύραννος.

1498 1231 1622 1291 Traiectus
1634 1231 1686 1280 sire
1698 1234 1834 1293 tyrannus.

1384 1308 1458 1355 XVlI.
1468 1308 1525 1371 Περὶ
1535 1312 1582 1355 τῶν
1593 1308 1630 1357 ἱπὶ
1642 1310 1718 1371 μισθῷ
1728 1309 1852 1357 συνόντων.

1499 1380 1534 1426 De
1545 1378 1654 1428 mercede
1665 1378 1792 1428 conductis
1809 1379 1944 1440 polemium
1954 1380 2105 1432 familiaribus

1375 1454 1463 1501 XVIII.
1471 1454 1601 1515 Ἀπολογία.

1499 1523 1622 1585 Apologia.

1390 1602 1453 1649 XIX.
1470 1602 1539 1665 ’Υπὲρ
1549 1607 1590 1651 τοῦ
1601 1604 1624 1651 ἱν
1634 1608 1663 1666 τῇ
1675 1605 1856 1668 προσαγορεύσει
1868 1605 1974 1671 πταίσμα

1499 1674 1546 1720 Pro
1556 1671 1626 1734 lapsu
1638 1672 1664 1720 in
1674 1673 1809 1723 salutando.

1391 1749 1442 1797 XX.
1469 1749 1606 1812 Ἑρμότιμος
1615 1753 1630 1809 ἦ
1641 1753 1692 1815 περὶ
1705 1753 1829 1816 Αἱρέσεων.

1500 1819 1665 1867 Hermotimus
1674 1820 1726 1868 stre
1738 1822 1773 1868 De
1783 1820 1863 1869 suetis.

1391 1897 1454 1944 Xlll.
1466 1895 1612 1959 Ὶὶρὸδοεοςὴ
1623 1896 1723 1945 Ἀετίων.

1501 1966 1638 2015 Herodotus
1650 1967 1702 2016 sire
1713 1967 1810 2018 Aetion.

1367 2077 1372 2093 .
1386 2041 1462 2089 XXII.
1473 2043 1549 2098 Ζεῦξις
1559 2045 1574 2100 ἢ
1585 2043 1707 2106 Ἀντίοχος.

1500 2111 1586 2159 Ζευνίε
1597 2115 1638 2160 aut
1649 2113 1792 2162 Antiochus.

1377 2189 1463 2237 XXIII.
1475 2188 1613 2252 Ἁρμονίδης.

1501 2256 1668 2307 llnrmunldes.

1386 2338 1470 2385 xxiv.
1481 2338 1592 2395 Exdbnrlt
1603 2338 1722 2402 Πρόξενος.

1499 2407 1587 2468 Scytha
1598 2419 1641 2455 seu
1653 2407 1799 2457 concilintor
1812 2408 1921 2471 lrusprtir.

1393 2485 1465 2532 XXV.
1482 2486 1536 2538 Πῶς
1546 2485 1581 2532 δεῖ
1590 2485 1693 2547 ἱστορίαν
1703 2486 1849 2549 συγγράφειν.

1501 2554 1629 2609 Quomodo
1646 2554 1746 2603 historia
1761 2555 1932 2606 conscribenda
1945 2553 1984 2605 sit

1366 2622 1379 2632 ’
1388 2635 1473 2682 XXVI.
1482 2635 1587 2691 Ἆληὶἱοῦς
1598 2634 1699 2697 ἱστορίας
1708 2634 1775 2696 λόγος
1785 2640 1882 2699 πρῶτος.

1501 2706 1569 2752 vera·
1579 2703 1687 2752 historiae
1700 2703 1762 2754 liber
1776 2705 1878 2768 primus.

1378 2783 1474 2829 XXVII.
1483 2779 1588 2837 Ἀληθοῦς
1599 2782 1699 2845 ἱστορίας
1710 2783 1776 2845 λόγος
1786 2784 1896 2847 δεύτερος.

1498 2854 1568 2899 Verte
1579 2851 1687 2901 historiae
1697 2852 1758 2903 liber
1769 2854 1898 2903 secundus.

1362 2932 1471 2979 xxvhl.
1482 2932 1673 2994 Τυρανιοκτονος.

1504 3000 1674 3060 Tyrannicida.

1372 3080 1456 3127 XXIX.
1465 3078 1694 3142 Ἆποκηρυττόμενος.

1502 3148 1645 3197 Abdicatus.

1378 3227 1449 3275 XXX.
1468 3224 1570 3288 Φάλαρις
1580 3230 1678 3289 πρῶτος.

1501 3294 1607 3344 Phalaris
1618 3296 1691 3358 prior.

1363 3374 1448 3420 XXXI.
1466 3372 1568 3435 Φάλαρις
1584 3374 1695 3437 δεύτερος.

1501 3443 1609 3490 Phalaris
1625 3443 1692 3491 alter.

1362 3522 1458 3568 XXXII.
1476 3521 1639 3584 Ἀλέξανδροςὴ
1653 3522 1821 3583 Ψευδόμαντις.

1503 3590 1637 3638 Alexander
1648 3603 1669 3638 s.
1685 3589 1877 3641 Pseudommrth.

1362 3668 1469 3715 XXXIII.
1482 3670 1537 3731 Περὶ
1549 3669 1675 3731 ὀρχήσεως.

1502 3738 1535 3783 Dc
1550 3737 1684 3787 saltatione.

1363 3816 1470 3862 XXXIV.
1489 3814 1621 3874 Λεξιφάνης.

1501 3883 1657 3944 Luxiphancs.

1363 3961 1458 4008 XXXV.
1482 3959 1608 4019 Εὐνοῦχος.

1502 4029 1641 4077 Eunuchus.

1363 4109 1485 4156 *XXXVI
1501 4108 1557 4169 Περὶ
1570 4112 1609 4163 τῆς
1621 4107 1777 4171 ἀστρολογίης.

1502 4179 1536 4224 De
1547 4176 1684 4238 astrologia.

1363 4255 1641 4314 XXXVIIAuutbmrog
1652 4255 1708 4315 βίος.

1503 4325 1657 4374 ueruonacus
1671 4325 1728 4374 rita.

1363 4403 1619 4466 ‘XXXVlll'Ept-rste.

1501 4477 1608 4521 Amores.

1363 4554 1470 4606 XXXIX.
1482 4551 1584 4605 Εἱκόνες.

1501 4612 1627 4673 imagines.

1393 4691 1442 4739 XL.
1470 4691 1538 4753 Ὑπὲρ
1554 4695 1600 4737 τῶν
1615 4689 1721 4738 εἰκόνων.

1501 4763 1547 4808 Pru
1558 4759 1713 4821 Imaginibus.

1393 4838 1453 4885 XLI.
1471 4838 1564 4900 Τόξαρις
1574 4838 1589 4894 ἢ
1601 4836 1680 4885 dritta.

1501 4906 1602 4955 Turaris
1613 4919 1655 4953 seu
1667 4904 1780 4954 amicitia.

1364 4985 1452 5032 *XLII
1471 4984 1569 5040 Λούκιος
1579 4985 1594 5040 h
1605 4984 1682 5038 Ὀνος.

1470 5053 1558 5101 hircius
1568 5056 1619 5101 sire
1629 5053 1726 5102 Asinus.

1362 5134 1447 5181 XLIII·
1466 5132 1520 5186 Ζευς
1531 5130 1688 5192 ἐλεγχόμενος.

1500 5203 1514 5248 J
1518 5200 1596 5262 uuiler
1611 5200 1760 5249 cuniulatus.

1378 5279 1461 5327 XLIV.
1474 5277 1528 5331 Ζεὺς
1538 5276 1663 5339 τραγῳδός.

1500 5348 1514 5393 J
1518 5345 1595 5406 upiter
1606 5343 1737 5405 tragcndus.

1378 5430 1448 5476 XLV.
1466 5428 1567 5489 Ὀνειρος
1581 5428 1595 5482 l,
1608 5424 1753 5487 Ἀλεκτρυών.

1502 5498 1628 5547 Somnium
1640 5510 1683 5546 seu
1695 5494 1786 5544 dulus.
