4759 6600
429 701 486 753 m
825 690 942 750 nxxl.
969 691 1234 753 ενιιιιοκιοιι
1260 712 1279 755 ιι
1308 698 1507 761 nunnoni.
1537 713 1641 767 ι-ο.
1845 710 2022 791 primurn

427 821 517 881 πάντα
532 820 654 901 συνείρων
666 818 773 896 ἀμυστί.
804 820 837 879 Εἰ
847 825 908 896 γοῦν
920 818 1036 890 ἐθελήσω
1047 822 1210 881 ἀπαλλάττε-
1252 836 1341 884 omnia.
1374 838 1399 886 Si
1411 838 1509 900 proinele
1520 842 1827 908 nuncrelimdinoeoere,
1840 852 1868 897 tn
1881 850 2024 903 nininer'm

427 915 489 969 σθαι
498 914 551 980 νῦν,
565 910 612 968 οὐκ
622 907 706 973 ἐάσεις
718 930 750 984 με
763 905 874 978 ἀνήκων
884 909 1020 979 ἀπελθεῖν,
1035 909 1093 967 ἀλλ’
1102 909 1152 978 ἔξει
1163 909 1210 968 καί
1252 934 1291 971 me
1306 923 1413 973 nondum
1424 926 1513 976 auditis
1525 928 1573 977 illis
1588 930 1670 991 ahire;
1685 932 1735 981 aed
1747 933 1874 996 retineas,
1887 943 2023 1002 peremi,

426 994 718 1077 παρακολουθήσειςκαί
728 993 824 1065 δεήσει.
867 992 951 1073 Κάγὼ
961 993 1092 1076 θρύψομαι
1104 996 1169 1076 πρὸς
1179 996 1209 1055 σέ
1251 1023 1327 1071 roges.
1338 1012 1383 1061 ttie
1393 1026 1437 1075 ego
1448 1014 1555 1064 vicissim
1568 1016 1654 1066 tactam
1671 1032 1714 1069 me
1725 1019 1866 1071 deliontum
1877 1024 1939 1086 apud
1953 1031 2024 1087 teto,

426 1087 503 1167 ἐντῷ
518 1083 600 1165 μέρει·
612 1082 657 1141 καί
672 1082 696 1140 εἴ
708 1106 738 1161 γε
748 1084 830 1155 δοκεῖ,
843 1082 965 1159 ἀπίωμεν
976 1082 1056 1141 ἀλλου
1068 1084 1135 1141 αὐτὰ
1150 1107 1210 1143 πευ-
1251 1099 1271 1147 si
1284 1098 1387 1161 ridetur,
1405 1102 1519 1153 abeamus
1534 1110 1709 1167 peroontatum
1722 1106 1775 1157 ista
1789 1122 1821 1164 ex
1835 1110 1906 1173 aliis,
1920 1118 1944 1162 at
1957 1118 1979 1163 tn
1990 1117 2023 1166 ni

426 1171 545 1251 σόμενοι,
561 1170 592 1230 σὺ
605 1170 632 1229 δέ
646 1170 684 1247 μὴ
693 1170 763 1247 λέγε.

465 1258 554 1321 ΛΥΚ.
575 1256 667 1331 Μηδὲν
685 1257 748 1339 πρὸς
766 1256 855 1338 ὀργήν·
874 1255 1034 1334 διηγήσομαι
1052 1255 1118 1338 γὰρ.
1133 1257 1208 1316 ἐπεί·
1280 1278 1350 1327 nuc.
1366 1277 1464 1328 niuniu
1479 1279 1539 1329 ιιιιε
1556 1295 1563 1328 :
1580 1282 1685 1333 nanno
1702 1283 1790 1344 enim,
1806 1286 2023 1351 qumonqnnn

424 1370 475 1431 περ
488 1346 556 1406 οὕτω
569 1351 705 1427 προθυμῇ,
721 1346 779 1404 ἀλλ’
794 1343 863 1411 ὅπως
874 1343 910 1421 μὴ
925 1343 990 1424 πρὸς
1005 1344 1117 1414 πολλοὺς
1131 1348 1206 1427 ἀρεῖς.
1249 1363 1351 1426 cupidus
1361 1378 1401 1426 οε,
1414 1366 1456 1415 aed
1468 1380 1498 1418 ne
1507 1368 1591 1418 multia
1601 1369 1679 1420 diona

463 1437 542 1497 ΦῙΛ.
565 1438 599 1496 Εἰ
617 1432 654 1512 μὴ
674 1433 841 1492 παντάπασιν
861 1432 912 1511 ἐγὼ
928 1432 1104 1510 ἐπιλέλησμαι
1125 1435 1209 1495 Λυκί-
1280 1455 1361 1502 PfflL,
1379 1454 1430 1504 Nisi
1444 1456 1513 1518 plane
1524 1470 1569 1519 ego
1578 1458 1664 1521 Lydai
1676 1460 1811 1521 ingenium
1820 1463 1915 1512 „uim
1923 1466 2022 1528 ms*

424 1546 485 1602 νου,
503 1522 581 1590 αὖτδς
601 1522 632 1581 σθ
649 1521 755 1598 ἄμεινον
775 1519 893 1591 ποιήσεις
910 1520 974 1579 αὐτὸ
988 1521 1034 1580 καί
1048 1521 1153 1604 φθάσεις
1170 1525 1209 1582 εἰ·
1250 1543 1275 1588 tn
1288 1540 1334 1589 hoo
1345 1541 2021 1614 manusteoeris,etooeupahtedieoeeomnuu,uu

423 1610 481 1670 νεὼν
493 1611 602 1684 ἀπασιν,
618 1608 687 1669 ὥστε
701 1607 774 1669 οῦδὲν
789 1612 853 1686 ἐμοῦ
868 1608 964 1679 δεήσει.
1248 1628 1377 1690 operajam
1388 1630 1475 1679 nonsit
1485 1644 1555 1694 opue

463 1709 491 1760 5.
513 1698 583 1759 Ἀλλ’
597 1696 679 1757 ἐκεῖνό
694 1720 738 1774 μοι
751 1699 855 1778 πρῶτον
871 1696 941 1770 εἰπὲ,
955 1699 994 1778 τῷ
1008 1696 1083 1755 παιδί
1097 1700 1135 1778 τῷ
1149 1698 1207 1771 Ζή·
1279 1720 1302 1763 5.
1318 1716 1365 1765 Sed
1374 1716 1431 1765 illud
1442 1718 1500 1767 mihi
1509 1718 1583 1769 dicito
1593 1721 1677 1784 prius,
1691 1723 1838 1775 tilioneeno
1852 1729 1939 1777 lurni
1951 1729 2019 1780 lr'nta*

421 1808 484 1845 νωνι
497 1788 511 1844 θ
525 1784 711 1866 Ἀρισταίνετος
725 1783 850 1863 ἀγόμενος
863 1792 974 1863 γυναῖκα
990 1783 1073 1842 εἱστία
1085 1787 1165 1861 ὑμᾶς,
1247 1806 1318 1852 uetus
1329 1817 1428 1854 uxorem
1440 1819 1515 1868 quum
1525 1807 1607 1871 daret,
1617 1811 1740 1861 moririo
1749 1826 1798 1863 roe
1810 1816 1923 1879 excepit?

462 1875 549 1933 ΛΥΚ.
571 1870 643 1945 Οθκ,
656 1870 724 1930 ἀλλά
738 1870 785 1942 τήν
799 1870 929 1952 θυγατέρα
943 1870 1054 1939 ἐξεδίδου
1072 1871 1148 1940 αὐτδς
1158 1873 1205 1945 τήν
1278 1893 1349 1941 ιΥο.
1367 1895 1434 1953 Νοος
1448 1894 1490 1943 aed
1505 1894 1578 1945 filiam
1588 1898 1642 1960 ipre
1656 1899 1838 1953 cleanthidm
1848 1905 1937 1956 eunio
1946 1905 2017 1956 m

422 1958 570 2021 Κλεανθίδα
588 1964 626 2042 τῷ
648 1958 777 2040 Εὐκρίτου
797 1963 841 2017 τοῦ
859 1961 1021 2019 δανειστικοῦ
1044 1963 1082 2041 τῷ
1099 1963 1205 2042 phoce-
1247 1979 1716 2049 tofisfllioooltooevir‚pffipowphmfi,

421 2070 518 2129 ῳουντι.

460 2138 538 2197 ΦΙΑ.
560 2134 698 2215 Παγκάλῳ
708 2132 740 2206 νὴ
758 2133 810 2194 Δία
825 2132 967 2216 μειρακίῳ,
987 2134 1083 2217 ἁπαλῷ
1103 2159 1132 2214 γε
1152 2134 1205 2214 μὴν
1277 2147 1358 2197 nnn.
1373 2148 1551 2211 Pulcherrima,
1562 2151 1596 2200 iu
1606 2164 1648 2201 me
1658 2153 1775 2216 Jupiter!
1793 2155 1976 2218 οάοἰοισειιιΙο,
1986 2156 2015 2208 d

420 2224 459 2284 ἐτι
470 2227 518 2284 καί
531 2228 560 2285 οὗ
574 2225 643 2284 παίνυ
658 2226 716 2284 καθ’
730 2221 801 2304 ὥραν
815 2224 916 2302 γάμων.
1246 2237 1327 2284 lenem
1337 2235 1417 2285 adhue
1425 2242 1450 2287 et
1461 2238 1567 2287 nondum
1578 2240 1671 2303 nuptiis
1684 2246 1795 2292 maturo.

459 2314 546 2375 ΛΥΚ.
568 2312 637 2374 Ἀλλ’
654 2313 702 2371 οὐκ
715 2302 785 2390 εἶχεν
796 2310 875 2371 ἀλλον
885 2311 1100 2393 ἐπιτηδειότερον,
1115 2304 1200 2391 οἶμαι.
1275 2325 1347 2375 LYc.
1371 2325 1418 2375 sed
1436 2339 1485 2375 non
1501 2326 1601 2386 hahuit,
1620 2332 1698 2390 puto,
1719 2330 1800 2380 ahnm
1823 2333 1902 2396 αιιςίε
1919 2334 2014 2383 itm

419 2403 520 2461 Τοῦτον
528 2391 573 2460 οῦν
585 2399 693 2478 κόσμιόν
710 2423 739 2457 τε
749 2390 815 2458 εἷναι
829 2400 953 2459 δοκοῦντα
967 2401 1012 2459 καί
1023 2401 1085 2481 πρὸς
1097 2403 1204 2482 ῳιλοσο-
1246 2413 1317 2460 llunc
1327 2411 1408 2473 igitur,
1420 2413 1462 2474 qui
1471 2418 1495 2463 et
1506 2414 1624 2464 honestus
1633 2429 1690 2466 eoae
1699 2417 1879 2482 rideretur,et
1889 2422 2014 2484 ιιίαιιφ

419 2486 481 2566 ρίαν
500 2486 666 2568 ὡρμημένον,
688 2487 726 2545 ἔτι
748 2486 775 2545 δὲ
790 2485 868 2564 μόνον
886 2486 948 2546 ὄντα
960 2487 1077 2569 πλουσίῳ
1091 2490 1202 2570 τῷΕῦ-
1244 2497 1357 2560 plieuiase
1374 2499 1403 2549 ad
1422 2500 1611 2564 philosophiam,
1627 2503 1733 2567 manner
1750 2518 1813 2556 rein
1825 2509 1923 2559 uuluam
1932 2509 2015 2559 ἰδιιν

418 2574 515 2657 κρίτῳ,
529 2575 664 2658 προείλετο
675 2573 784 2656 νυμφίον
800 2574 826 2643 ἐξ
839 2574 970 2636 ἁπάντων.
1244 2586 1335 2635 Eucriti
1346 2586 1443 2647 divitie,
1455 2602 1571 2651 sponsum
1584 2592 1736 2654 preoptavit
1746 2606 1778 2644 ex
1791 2596 1916 2646 ormihu

458 2665 538 2726 ΦΙΛ.
560 2664 602 2724 Οὐ
623 2661 717 2744 μικρδιν
741 2661 826 2771 λέγεις
847 2662 932 2721 αἰτίαν
960 2662 990 2720 τὸ
1009 2664 1132 2722 πλουτεῖν
1156 2663 1201 2722 τὸν
1275 2676 1355 2724 PHIL.
1373 2677 1424 2725 Non
1433 2689 1530 2739 parvam
1540 2677 1600 2726 mihi
1612 2692 1828 2745 mnasoauaom,
1837 2684 2013 2735 nuruum

418 2748 557 2911 Εὔκριτον.
598 2749 675 2831 Ἀτδιρ
693 2739 747 2822 οἰίν,
762 2774 784 2807 ω
803 2754 913 2821 Λυκῖνε,
936 2749 1003 2817 τίνες
1020 2753 1044 2808 σί
1064 2752 1200 2810 δειπνοῦν-
1242 2760 1289 2811 sed
1300 2762 1408 2813 eonvira
1419 2763 1517 2827 quinam
1528 2767 1734 2829 ermenyuner

417 2860 459 2904 τες
494 2860 557 2909 σανς

457 2936 484 2985 θ.
507 2925 595 2984 ΛΥΚ.
616 2921 687 2990 Τοδς
697 2921 745 3001 μὲν
758 2922 853 2990 ἀλλους
866 2921 892 2981 τί
906 2922 937 2981 ἀν
950 2947 990 2982 σοι
1004 2923 1035 2982 λέ
1051 2947 1122 3002 οιμι;
1135 2928 1158 2985 οἱ
1171 2924 1199 2986 δέ
1273 2934 1296 2977 ⁶·
1313 2930 1382 2979 LYc.
1398 2930 1512 2993 Reliquos
1529 2930 1587 2995 quid
1607 2933 1650 2983 tihi
1667 2933 1770 2986 diam?
1785 2937 1819 2987 de
1834 2938 1972 3003 philorophir
1982 2952 2012 2986 ι

415 3012 470 3072 einh
478 3010 629 3095 φιλοσοφίας
635 3010 681 3070 καί
690 3009 787 3090 λόγοιν,
798 3010 895 3092 οὕσπερ
907 3010 1015 3085 ἐθέλεις,
1025 2948 1113 3090 οἰμαι,
1124 3014 1199 3073 ἀκοῦ-
1241 3020 1290 3066 lem
1299 3019 1372 3079 atoue
1384 3018 1498 3078 eruditis.
1507 3033 1583 3082 (1⁰⁰⁸.
1594 3025 1669 3084 9⁰1⁰,
1679 3023 1770 3074 audire
1779 3026 1855 3090 cupis
1862 3028 2012 3087 mineum

416 3123 462 3159 σαι
483 3099 612 3178 μάλιστα,
631 3097 774 3175 Ζηνόθεμις
796 3090 828 3170 ἦν
847 3103 861 3156 θ
882 3099 1030 3178 πρεσθιίτης
1050 3104 1064 3159 θ
1079 3103 1131 3159 ἀπὸ
1151 3107 1198 3174 τῆς
1240 3104 1392 3155 Zenothemis
1403 3104 1443 3155 ille
1452 3119 1526 3157 senex
1535 3107 1566 3157 de
1581 3109 1697 3173 Pontion,
1706 3116 1733 3161 ot
1744 3126 1807 3163 enm
1821 3116 1864 3164 illo
1874 3114 2012 3186 ophiom-

415 3197 493 3256 στοᾶς
504 3187 550 3247 καί
561 3186 603 3256 ξῦν
615 3188 687 3268 αὐτῷ
703 3186 837 3268 Δίῳιλοςδ
853 3186 1005 3268 λαῦιίρινθος
1019 3187 1138 3262 ἐπίκλην,
1156 3190 1197 3248 δι-
1239 3192 1350 3254 811θωί110
1367 3193 1541 3256 labyrinthus,
1551 3198 1654 3246 Zenonis
1671 3197 1727 3259 hio,
1739 3202 1883 3253 Aristaei
1893 3202 1944 3265 iffi,
1956 3201 2011 3263 ιη’

414 3273 544 3344 δοίσκαλος
555 3266 629 3343 οὗτος
644 3272 681 3334 ὢν
694 3279 739 3333 τοῦ
755 3274 943 3355 Ἀρισταινέτου
958 3274 1025 3344 υἱέος
1040 3282 1086 3336 τοῦ
1101 3277 1196 3350 Ζήνω-
1239 3282 1301 3341 δίθη
1320 3280 1352 3331 de
1372 3281 1535 3345 Peripateticis
1550 3288 1633 3334 autom
1652 3285 1822 3351 Cleodemun,
1843 3291 1905 3341 noeti
1923 3294 2011 3353 upt-

414 3386 464 3431 νος·
474 3368 526 3423 τῶν
539 3361 567 3422 δί
586 3362 638 3422 ἀπὸ
651 3367 697 3422 τοῦ
715 3361 861 3443 περιπάτου
875 3360 1042 3441 Κλεόδημος,
1058 3355 1134 3423 οἶσθα
1150 3365 1196 3424 τὸν
1238 3368 1305 3418 illum
1313 3371 1339 3419 el
1349 3369 1505 3432 redarguendi
1512 3371 1632 3435 peritum:
1643 3373 1763 3425 Gladium
1776 3382 1804 3427 et
1813 3377 2011 3442 Famem&

413 3451 561 3529 στωμύλον,
577 3450 622 3509 τὸν
634 3449 792 3529 ἐλεγκτικὸν,
804 3449 875 3532 ξίφος
890 3451 967 3509 αὐτὸν
981 3454 1004 3510 οἱ
1017 3451 1133 3528 μαθηταί
1147 3453 1194 3512 καί
1238 3456 1357 3520 discipuli.
1390 3461 1480 3508 Verum
1487 3460 1621 3520 Epicureus
1629 3475 1732 3524 quoqne
1739 3466 2010 3528 Hermonaderatzqu

412 3538 507 3599 κοπίδα
522 3542 654 3600 καλοῦσιν.
697 3537 776 3599 Ἀλλδι
790 3539 834 3600 καί
853 3538 1060 3617 θἘπικοόρειος
1079 3537 1193 3621 Ἕρμων
1237 3545 1318 3594 suum
1330 3560 1406 3608 quum
1418 3546 1698 3609 ingrederetur‚torrum
1706 3551 2009 3613 intummousuiciatn

411 3632 509 3709 παρῆν,
524 3627 569 3687 καί
584 3626 732 3686 εἰσελθόντα
751 3650 780 3706 γε
801 3626 879 3685 αὐτὸν
891 3626 962 3693 εὐθὺς
976 3626 1154 3688 θπεόλέποντο
1170 3634 1194 3688 οἱ
1235 3633 1417 3694 aversabantur,
1434 3635 1559 3684 maniieete
1574 3636 1641 3686 velot
1652 3639 1805 3700 parricidam
1814 3646 1840 3691 et
1849 3642 1964 3705 imp'atom
1977 3640 2008 3688 ho

412 3715 525 3776 Στωϊκοί
545 3716 590 3774 καί
613 3715 804 3797 ἀπεστρέροντο
831 3715 876 3773 καὶ
902 3716 975 3785 δῆλοι
993 3706 1061 3785 ἦσαν
1082 3714 1118 3782 ὥς
1135 3741 1193 3775 τινα
1237 3721 1324 3769 minem
1334 3722 1471 3772 abominati.
1504 3724 1534 3774 lli
1546 3727 1662 3786 tanquam
1675 3727 1820 3778 Aristaeneti
1834 3729 1910 3793 ipsine
1922 3728 2007 3778 an'n'rt

411 3803 573 3885 πατραλοίαν
588 3803 633 3862 καί
646 3807 725 3881 ἐναγῆ
746 3801 944 3879 μυσαττόμενοι.
987 3794 1069 3863 Οὗτοι
1085 3802 1131 3879 μὲν
1149 3807 1193 3863 αὖ·
1236 3809 1362 3858 familiares
1373 3810 1465 3859 invitati
1477 3811 1610 3860 adponam
1623 3812 1736 3875 luerunt,
1748 3820 1844 3866 etoum
1856 3817 2006 3878 iltisgnm

409 3899 455 3951 τοῦ
467 3891 655 3973 Ἀρισταινέτου
663 3889 731 3972 φίλοι
740 3890 786 3948 καί
795 3889 911 3960 συνήθεις
918 3889 988 3956 όντες
997 3889 1193 3970 παρεκέκληντο
1236 3896 1298 3946 ticue
1308 3897 1423 3947 Hiatiaeue
1435 3902 1459 3949 et
1471 3898 1653 3961 Dionysodorus
1665 3901 1762 3952 rhetor.

411 3981 456 4040 ἐπί
470 3982 572 4039 δεῖπνον
584 3979 629 4038 καί
642 3977 686 4048 ξῦν
701 3981 787 4045 αὐτοῖς
796 3982 810 4036 ὁ
819 3979 1003 4058 γραμματικὸς
1013 3978 1135 4046 Ἱστιαῖος
1147 3982 1191 4038 καὶ

410 4073 424 4126 δ
439 4069 526 4149 ῥήτωρ
540 4068 738 4148 Διονυσόδωρος.

279 4189 301 4231 '.:
342 4214 345 4219 ,
451 4169 478 4217 7.
500 4154 551 4217 Art
565 4155 592 4214 δέ
606 4156 650 4214 τδν
665 4155 774 4235 νυμφίον
787 4153 831 4212 τδν
844 4151 962 4234 Χαιρέαν
971 4148 1032 4212 Ἴων
1047 4156 1061 4211 ὁ
1075 4154 1190 4213 Πλατω-
1264 4161 1286 4206 7.
1307 4161 1406 4220 Propter
1417 4172 1531 4222 sponsum
1547 4173 1605 4210 ren)
1616 4161 1747 4212 Chaereom
1764 4166 1903 4215 Platouioue
1917 4167 1954 4214 loo
1967 4174 2002 4211 ut

408 4243 476 4310 νικδς
486 4253 646 4302 συνειστιᾶτο
656 4243 811 4308 διδάσκαλος
821 4244 899 4300 αὐτοῦ
909 4239 959 4313 ὧν,
973 4240 1065 4319 σεμνός
1077 4264 1115 4306 τις
1127 4242 1189 4299 ἰδεῖν
1232 4245 1354 4311 ornabat,
1370 4247 1433 4296 illiue
1444 4247 1566 4309 magister,
1577 4249 1723 4299 venerahilis
1738 4258 1841 4315 aspectu
1853 4255 1879 4302 et
1893 4256 2001 4314 angulos.

408 4331 452 4389 καί
464 4328 609 4411 θεοπρεπὴς
620 4330 666 4388 καί
674 4329 741 4389 πολθ
748 4331 778 4387 τὸ
789 4328 897 4406 κόσμιον
909 4327 1050 4409 ἐπιφαίνων
1060 4331 1098 4408 τῷ
1107 4350 1190 4410 προσ·
1232 4332 1284 4395 ipso
1296 4334 1338 4396 qui
1350 4335 1417 4384 vultu
1430 4336 1532 4384 multum
1542 4349 1591 4398 prae
1603 4350 1628 4385 se
1638 4335 1713 4386 iorret
1723 4338 1862 4389 honestatis
1874 4356 1880 4388 :
1891 4341 1998 4402 punem·

406 4417 480 4499 όιπῳ·
501 4416 598 4477 κανόνα
615 4422 677 4495 γοῦν
706 4418 729 4475 ol
752 4415 844 4473 πολλοί
867 4416 1036 4492 ὀνομάζουσιν
1058 4415 1136 4474 αὐτὸν
1154 4418 1189 4483 εἰς
1231 4434 1318 4470 nouem
1330 4422 1397 4471 illum
1412 4427 1497 4471 vocant
1507 4424 1593 4485 vulgo,
1605 4423 1634 4472 all
1646 4428 1757 4475 mentem
1768 4428 1816 4477 riri
1827 4441 1920 4489 semper
1931 4429 2000 4475 min

406 4504 454 4578 τήν
477 4503 603 4587 ὀρθότητα
627 4508 673 4575 τῆς
686 4502 793 4581 γνώμης
812 4503 1013 4570 ἀποθλέποντες.
1055 4503 1110 4563 Καί
1131 4503 1188 4562 ἐπεὶ
1230 4509 1392 4572 respicientes.
1423 4510 1565 4560 Arlreuienti
1573 4511 1645 4574 igitur
1656 4525 1892 4576 assurgereomnee,
1904 4513 1998 4567 etihnm

406 4595 548 4675 παρῆλθεν,
567 4589 768 4659 ὑπεξανίσταντο
785 4589 879 4657 ποίντες
897 4593 970 4671 αὐτῷ
983 4590 1028 4648 καλ
1047 4590 1188 4658 ἐδεξιοῦντο
1230 4601 1344 4658 tanquam
1355 4611 1384 4646 ex
1398 4598 1489 4660 superis
1504 4598 1621 4661 aliquem,
1632 4599 1741 4650 minure
1758 4615 1765 4648 :
1779 4605 1805 4651 et
1815 4602 1912 4651 omnino
1924 4600 1959 4649 δα
1970 4597 1999 4646 ai

406 4681 441 4750 ὥς
458 4704 515 4739 τινα
532 4683 584 4739 τῶν
603 4677 766 4761 κρειττόνων,
788 4677 834 4736 καί
848 4676 914 4744 δλως
937 4683 995 4737 θεοῦ
1009 4677 1137 4756 ἐπιδημία
1157 4678 1187 4738 τδ
1229 4687 1298 4749 cujus
1320 4686 1383 4736 inter
1404 4687 1513 4737 homines
1534 4689 1693 4751 peregrinatio
1716 4689 1850 4741 ridebatur
1873 4686 1997 4740 amithalffi

405 4778 516 4848 πρᾶγμα
527 4760 559 4841 ήν
570 4766 634 4830 Ἴων
645 4772 660 4826 δ
671 4767 819 4845 θαυμαστὸς
831 4766 987 4848 συμπαρών.
1228 4773 1293 4822 illius
1304 4773 1368 4822 lonis
1380 4774 1515 4837 praesentia.

445 4868 471 4917 8.
494 4855 559 4918 Δέον
570 4855 597 4916 δὲ
612 4856 662 4929 ἤδη
675 4853 875 4915 κατακλίνεσθαι
886 4854 1009 4914 ἁπάντων
1023 4854 1116 4934 σχεδὸν
1133 4879 1185 4914 πα-
1259 4867 1282 4911 o.
1304 4864 1385 4919 Quum
1404 4875 1462 4912 vero
1478 4863 1529 4925 jun
1545 4862 1739 4914 accumbendum
1764 4872 1842 4925 earet,
1860 4863 1994 4930 praeut

405 4945 510 5026 ρόντων,
519 4947 546 5004 ἐν
557 4945 626 5027 δεξιᾷ
634 4945 681 5022 μὲν
692 4943 822 5002 εἰσιόντων
833 4946 860 5001 αί
869 4945 988 5022 γυναῖκες
997 4941 1056 5001 ὅλον
1067 4944 1110 5000 τὸν
1118 4946 1186 5002 κλιν-
1228 4949 1277 4999 iere
1287 4950 1414 5011 omnihus,
1426 4950 1457 4999 ad
1469 4950 1577 4999 dextram
1589 4951 1733 5001 intrantium
1750 4958 1831 5004 totum
1846 4954 1912 5003 illum
1926 4952 1994 5002 leto!

402 5038 470 5116 τῆρα
482 5035 578 5093 ἐκεῖνον
589 5033 726 5104 ἐπέλαὸον,
737 5034 784 5091 οὐκ
793 5032 878 5110 ὀλίγαι
891 5024 981 5102 οὖσαι,
996 5032 1041 5090 καί
1052 5033 1078 5090 ἐν
1093 5034 1185 5099 αὐταῖς
1228 5037 1340 5086 mulieres
1358 5038 1519 5100 occupabant,
1538 5051 1594 5100 quus
1612 5051 1662 5087 non
1677 5054 1766 5102 paneae
1781 5042 1894 5103 adeum
1911 5045 1934 5091 et
1948 5038 1992 5087 'nto

402 5120 523 5203 ἡνόμῳη
537 5120 606 5179 πάνυ
620 5120 735 5201 ἀκριόῶς
755 5121 986 5198 ἐγκεκαλυμμένη,
1000 5119 1050 5178 θπδ
1071 5123 1122 5177 τῶν
1137 5145 1184 5199 po-
1226 5138 1268 5174 eas
1284 5139 1386 5188 sponsa,
1404 5130 1516 5174 accurate
1533 5125 1625 5185 relata,
1643 5127 1797 5179 circumdata
1815 5128 1947 5179 multem
1960 5122 1990 5171 :ll

401 5214 497 5268 ναικῶν
512 5207 695 5288 περιεχομένη·
713 5210 737 5272 ἐς
753 5206 780 5265 δὲ
797 5207 827 5267 τὸ
842 5208 974 5289 ἀντίθυρον
987 5211 1004 5278 ἡ
1020 5206 1088 5278 ἀλλη
1111 5211 1184 5280 πλη·
1226 5213 1288 5262 lecto
1299 5226 1358 5262 vero
1366 5213 1448 5275 innuae
1459 5213 1568 5276 opposito
1579 5219 1660 5263 oetera
1675 5216 1824 5278 multitudo,
1838 5232 1882 5281 pro
1892 5229 1931 5265 m
1943 5210 1988 5276 <pit

402 5296 461 5370 ohe,
478 5301 513 5365 ὡς
528 5295 636 5365 ἕκαστος
650 5295 721 5364 ἀξίας
736 5286 800 5374 εἶχε.
1225 5300 1411 5364 quedignitate,
1424 5300 1544 5350 occubuit,

441 5398 468 5446 o.
492 5385 559 5445 Κατ’
575 5383 681 5464 ἀντικρὺ
697 5382 724 5442 δὲ
740 5385 791 5440 τῶν
805 5388 934 5462 γυναικῶν
947 5387 1049 5464 πρῶτος
1062 5387 1076 5442 θ
1089 5382 1183 5464 Εὕκρι-
1256 5395 1279 5440 9.
1297 5388 1424 5450 Eregione
1436 5387 1539 5451 denique
1549 5388 1680 5439 mulierum
1690 5391 1786 5454 primm
1795 5383 1986 5450 enaritate&

404 5496 461 5547 τος,
488 5465 544 5532 εἶτα
562 5471 757 5553 Ἀρισταίνετος.
800 5463 868 5532 Εἶτα
893 5472 1051 5542 ἐνεδοιάζετο
1072 5470 1180 5553 πότερον
1225 5477 1390 5528 Aristaenetue
1420 5476 1511 5528 Deinde
1528 5475 1630 5528 dubium
1647 5483 1718 5542 erat,
1738 5485 1822 5531 utrum
1840 5481 1934 5546 priorem
1949 5484 1984 5524 eset
