4759 6600
461 760 519 812 οιο
1038 742 1109 804 Lll.
1138 744 1446 806 ΦΙΛΟΨΕΥΔΗΣ.
1476 755 1499 805 ι.
1901 753 2065 832 (111‚„.‚3

461 880 534 963 ἄκρᾳ
557 876 681 958 ἐγενόμην
704 909 741 921 -
762 878 865 957 θπήρχε
885 873 936 956 γάρ
951 897 1010 953 μοι,
1030 865 1052 934 d
1074 874 1136 957 ρίλη
1151 874 1245 954 Ἀδρά-
1264 887 1270 968 Ι
1288 896 1344 933 cara
1360 884 1486 934 Adrastea!
1503 886 1614 948 prasidio
1629 886 1669 937 illa
1687 900 1743 950 qum
1761 888 1836 939 modo
1852 889 1968 944 dioeham
1986 897 2067 959 onata,

461 991 549 1040 στεια,
564 966 651 1025 πάντα
666 966 751 1023 ἐκεῖνα
767 962 783 1022 θ
801 970 924 1044 προεῖπον
940 962 1044 1045 ἐρόδια,
1062 964 1092 1021 τὸ
1106 962 1213 1043 Θράσος,
1227 968 1244 1033 ἡ
1287 972 1444 1035 confidentia,
1455 975 1560 1033 inscitia,
1581 975 1754 1038 impudentia),
1767 979 1849 1040 primo
1861 980 1966 1043 quidem
1977 996 2021 1033 aaa
2029 998 2069 1035 n

461 1057 575 1135 ἀμαθία,
589 1060 607 1126 ἡ
623 1052 795 1133 ἀναισχυντία
810 1087 849 1097 -
862 1054 966 1129 πρῶτον
981 1050 1029 1127 μὲν
1045 1050 1132 1109 οὐκέτι
1147 1054 1244 1111 Ποθει-
1288 1061 1351 1123 plius
1362 1062 1480 1111 Pothinus
1490 1063 1608 1124 nominor,
1619 1064 1662 1113 sed
1676 1064 1725 1126 jam
1737 1066 1807 1115 loris
1818 1072 1845 1116 et
1862 1069 1939 1119 ledae
1949 1073 2027 1134 puch
2036 1086 2068 1123 oo

460 1146 502 1224 νὸς
515 1143 690 1222 ὀνομάζουσι,
706 1141 764 1199 ἀλλ’
777 1141 828 1212 ἤδη
847 1140 900 1205 τοῖς
918 1138 979 1204 Διὸς
992 1137 1037 1197 καί
1050 1137 1139 1209 Λήδας
1153 1137 1245 1196 παισίν
1286 1150 1405 1211 gnominis
1414 1151 1491 1199 iactus
1506 1165 1561 1200 sum
1574 1166 1580 1199 :
1591 1152 1677 1202 deinde
1693 1153 1793 1216 adjunxi
1806 1169 1850 1206 me
1868 1156 1902 1207 ad
1914 1172 1989 1209 annm
1998 1162 2069 1212 node

460 1233 597 1311 ὑμνίωμες
616 1228 774 1309 γεγένημαι·
797 1227 888 1286 ἔπειτα
906 1225 933 1284 δδ
956 1221 1018 1307 γραί
1041 1226 1198 1297 συνοικήσας
1215 1226 1246 1284 τδ
1287 1250 1352 1298 rem,
1363 1252 1379 1287 a
1390 1252 1438 1301 qua
1455 1240 1558 1301 primum
1572 1239 1634 1289 laute
1644 1241 1735 1301 alebar,
1751 1256 1835 1293 amare
1853 1243 1916 1295 dum
1929 1247 2069 1299 simulam

460 1326 563 1403 πρῶτον
578 1319 626 1397 μίν
641 1316 831 1398 ἐγαστριζόμην
845 1315 909 1396 πρὸς
922 1316 1002 1385 αὐτῆς
1013 1317 1073 1395 ἐρᾶν
1087 1313 1246 1396 προσποιού·
1287 1324 1369 1375 llerem
1385 1327 1600 1390 septuagenariam,
1618 1328 1703 1379 dentes
1717 1330 1800 1381 adhuc
1818 1338 1941 1396 quattuor
1959 1335 2070 1387 inhalas

462 1432 538 1488 μενος
547 1406 669 1489 γυναικδς
681 1403 944 1482 έόδομηκοντούτιδος
956 1401 1081 1484 τέτταρας
1093 1402 1131 1461 ἐτι
1141 1400 1246 1469 λοιπούς
1287 1413 1401 1476 reliquos,
1411 1416 1597 1466 aurorevinctos
1605 1422 1629 1467 et
1638 1418 1712 1481 ipsos.
1745 1422 1928 1472 verumtamen
1936 1427 2070 1489 μοραιιθν

461 1498 566 1564 ὀδόντας
590 1493 714 1576 ἐχούσης,
736 1492 838 1575 χρυσίῳ
858 1491 904 1551 καί
926 1489 1031 1557 τούτους
1055 1489 1245 1568 ἐνδεδεμένους.
1287 1502 1476 1553 causalaborem
1488 1505 1604 1566 sustinui,
1615 1519 1691 1568 qurum
1706 1506 1791 1569 frigida
1804 1508 1849 1558 illa
1860 1509 1893 1560 de
1904 1511 2068 1575 rapnlooatah

461 1584 539 1657 Πλὴν
552 1583 621 1643 ἀλλά
633 1606 663 1661 γε
676 1580 719 1640 διίι
730 1580 778 1653 τήν
789 1581 881 1639 πενίαν
892 1578 1042 1661 θριοτάμην
1056 1578 1100 1638 τδν
1113 1570 1189 1638 ἀθλον
1200 1577 1246 1637 καί
1288 1590 1431 1640 suavissima
1449 1592 1507 1641 mihi
1526 1592 1604 1643 sames
1622 1594 1741 1645 tonderet.
1775 1596 1875 1647 Deinde
1896 1612 1987 1662 parum
2003 1600 2067 1650 ahad

460 1673 495 1733 τὰ
506 1670 596 1756 ψυχρά
606 1672 691 1730 ἐκεῖνα
702 1668 736 1728 τίι
750 1672 780 1727 ἐκ
788 1673 835 1740 τῆς
845 1673 921 1748 σοροῦ
934 1665 1071 1749 φιλήματα
1083 1666 1246 1747 ὑπερήδιστά
1287 1677 1346 1739 quin
1358 1677 1428 1729 heres
1444 1681 1590 1731 constitutus
1606 1695 1685 1732 essem
1697 1695 1754 1747 ηοω
1772 1684 1884 1735 habebat
1901 1688 2064 1749 omnium,-

462 1784 506 1837 μοι
521 1758 602 1819 ἐποίει
616 1762 630 1817 ό
646 1756 729 1835 λιμός.
781 1747 849 1816 Ε’ίτοι
863 1755 951 1834 όλίγου
966 1757 1018 1813 δεῖν
1033 1755 1194 1836 κληρονόμος
1209 1746 1246 1813 ῶν
1288 1768 2064 1837 serrusexsoerahillsindicassetrenenumame,qnodillithm,

461 1840 532 1927 εἶχεν
547 1844 669 1905 ἁπάντων
686 1842 828 1918 κατέστην,
843 1846 865 1903 εί
881 1843 918 1921 μή
933 1841 1080 1924 κατάρατός
1093 1866 1132 1908 τις
1145 1841 1247 1916 οίκέιης
1288 1864 1342 1904 esse
1351 1859 1453 1905 emtum.

461 1934 589 2012 ἐμήνυσεν
603 1936 638 2001 ῶς
652 1931 790 2014 φάρμακον
805 1931 859 2004 είην
875 1931 915 1990 ἐπ’
929 1929 1010 2003 αὐτὴν
1028 1930 1182 2008 ἐωνημένος.
1569 1969 1574 1980 .

502 2033 548 2083 25.
571 2019 709 2089 Ἐξωσθείς
723 2018 751 2077 δδ
766 2018 809 2079 ἐπί
822 2017 939 2097 κεφαλήν
951 2018 1022 2095 ὅμως
1033 2017 1091 2077 οὐδὲ
1103 2017 1162 2077 τότε
1174 2017 1246 2091 ἠπό-
1324 2034 1363 2079 25.
1380 2032 1490 2093 Praeceps
1505 2029 1576 2090 im'trrr
1585 2029 1689 2092 eiectus,
1699 2032 1848 2083 neeessariis
1857 2037 1942 2084 tamen
1951 2033 2061 2096 aedend-

461 2132 533 2191 ρηοα
551 2111 603 2167 τῶν
619 2106 780 2185 ἀναγκαίων,
795 2105 924 2165 ἀλλὰκαὶ
944 2105 1031 2188 ῥήτωρ
1046 2107 1114 2165 δοκῶ
1127 2108 1176 2164 κάν
1190 2108 1248 2174 ταῖς
1288 2117 1343 2169 dem
1355 2116 1440 2167 narni:
1456 2117 1534 2167 sedet
1544 2117 1625 2167 rhetor
1636 2131 1691 2168 esse
1701 2118 1797 2180 videor,
1810 2124 1838 2171 et
1850 2122 1875 2170 in
1883 2121 1982 2184 ludicris
1992 2134 2059 2181 ναισι,

461 2197 544 2264 δίκαις
558 2195 712 2273 ἐξετάζομαι
725 2194 862 2276 προδιδούς
881 2192 916 2252 τά
937 2193 1024 2252 πολλὰ
1037 2193 1083 2252 καί
1097 2192 1157 2260 τοὺς
1171 2196 1247 2253 δικα·
1289 2207 1447 2271 praevaricans
1462 2218 1540 2267 εοηνε,
1552 2210 1577 2255 et
1589 2205 1699 2267 judicum
1713 2209 1900 2271 corruptionem
1916 2209 2059 2274 humanm

461 2283 525 2352 ord<
546 2287 599 2352 τοῖς
622 2284 740 2356 ἀνοήτοις
766 2282 1036 2363 καθυπισχνούμενος,
1057 2282 1103 2341 καί
1126 2286 1248 2361 ἡττῶμαι
1289 2295 1411 2359 pollicens.
1444 2294 1711 2357 Etplerumqueoansa
1721 2295 2058 2361 equidemnadozsedprlm

462 2371 510 2451 μίν
526 2372 561 2431 τὰ
579 2373 708 2443 πλεῖστοι,
731 2372 755 2431 οἱ
774 2370 885 2453 ᾳοίνικες
903 2370 930 2429 δὲ
951 2370 994 2429 ἐπί
1015 2375 1047 2451 τῇ
1071 2369 1135 2453 θύρᾳ
1149 2372 1248 2452 χλωροὶ
1289 2388 1369 2434 tamen
1381 2383 1486 2444 injauua
1497 2382 1836 2446 virideseteoroniscinctre;
1848 2384 2057 2436 illisenimadirle

460 2460 507 2520 καί
532 2460 748 2543 ἐστεφανωμένοι·
773 2459 874 2526 τούτοις
891 2457 942 2541 γάρ
965 2458 1009 2518 ἐπὶ
1030 2457 1090 2525 τοῦς
1113 2461 1249 2539 δυστυχεῖς
1290 2472 1347 2522 lices
1355 2470 1419 2521 escis
1428 2475 1488 2519 utor.
1498 2470 1545 2520 Sed
1557 2470 1581 2518 id
1590 2470 1669 2533 ipsum
1679 2471 2056 2536 qu0que‚qu0doutosammai

461 2553 570 2631 χρῶμαι
583 2553 636 2617 τοῖς
655 2547 783 2608 δελέασιν.
825 2545 905 2607 Ἀλλά
924 2546 969 2605 καί
989 2545 1020 2605 τδ
1039 2548 1171 2624 μισεῖσθαι
1184 2548 1249 2628 πρδς
1290 2560 1347 2620 hus,
1365 2562 1391 2609 et
1408 2558 1472 2620 qnod
1488 2559 1587 2621 insignis
1605 2572 1660 2607 sum
1676 2558 1708 2608 oh
1725 2572 1824 2610 morum
1842 2563 2056 2625 perversitatem

462 2636 585 2697 ἀπάντων
600 2636 646 2696 καί
664 2635 794 2713 ἐπίσημον
814 2626 882 2694 είναί
896 2658 928 2712 με
943 2633 987 2693 ἐπί
1000 2659 1033 2713 τη
1053 2634 1184 2717 μοχθηρίᾳ
1203 2641 1248 2695 τοῦ
1290 2646 1356 2711 qnod
1368 2646 1444 2696 multo
1461 2648 1528 2709 prius
1544 2660 1615 2709 quam
1625 2647 1657 2696 oh
1668 2647 1787 2698 orationis
1800 2648 1943 2699 honitatem
1951 2649 2055 2699 idean

461 2728 559 2812 τρόπου
566 2728 616 2799 ,καί
627 2727 695 2787 πολύ
706 2727 831 2810 πρότερον
843 2731 895 2786 τῶν
905 2725 990 2804 λόγων
1002 2727 1047 2785 καί
1059 2729 1090 2786 τὸ
1102 2727 1249 2788 δείκνυσθαι
1290 2741 1353 2787 οιτον
1364 2734 1452 2798 digito,
1465 2735 1522 2797 quia
1532 2735 1641 2798 princeps
1655 2734 1708 2798 lpse
1721 2735 1825 2785 inomni
1837 2736 1931 2787 malitia
1941 2736 2007 2795 thom,
2019 2747 2055 2783 ιιι

461 2820 500 2899 τῷ
519 2816 640 2898 δακτύλῳ
662 2821 752 2875 τοῦτον
776 2813 938 2875 ἐκεῖνοντὸν
961 2814 1104 2896 ἀκρότατον
1123 2820 1149 2875 ἐν
1174 2818 1248 2897 πάσῃ
1290 2838 1392 2890 parrum
1402 2826 1461 2875 mlhi
1473 2824 1572 2889 quidem
1587 2825 1691 2874 ridetur.
1725 2828 1785 2876 llaec
1795 2823 2055 2891 tihi,itamemonhrls

462 2904 542 2986 κακίᾳ
562 2903 712 2983 λεγόμενον,
733 2906 762 2962 ού
777 2903 869 2986 μικρδν
888 2894 954 2961 εἷναί
969 2926 1013 2981 μοι
1032 2905 1111 2965 δοκεῖ.
1154 2906 1248 2966 Ταῦτά
1290 2917 1386 2964 Venus!
1400 2913 1528 2977 praecipio,
1542 2926 1597 2977 quae
1607 2913 1683 2963 multo
1694 2913 1763 2977 prius
1778 2914 1905 2978 insomnii
1915 2914 2055 2979 We*

462 3016 504 3053 σοι
515 2996 649 3073 παραινῶ,
660 2991 692 3063 νή
704 2988 752 3064 τὴν
764 2990 911 3069 πάνδημον,
924 2990 990 3050 πολθ
1004 2990 1128 3074 πρότερον
1141 2996 1249 3074 ἐμαυτῷ
1290 3015 1338 3065 que
1349 3002 1439 3052 ratione
1450 3002 1550 3065 gratiam
1560 3000 1618 3050 mllri
1630 3013 1678 3049 uon
1688 3014 1791 3065 parram
1803 3003 1942 3053 conciliari.

462 3079 624 3161 παραινέσας
631 3079 676 3139 καὶ
683 3078 761 3161 χάριν
772 3083 878 3160 ἐμαυτῷ
885 3080 914 3139 ού
924 3078 1019 3160 μικρδιν
1028 3080 1248 3158 ἐπισπασάμενος.

503 3179 552 3230 θθ.
577 3161 674 3230 Βίενό
689 3165 736 3246 μὲν
750 3168 874 3247 γεννάδας
885 3167 965 3226 είπὼν
978 3172 1062 3226 ταῦτα
1075 3168 1249 3228 πεπαύσεται·
1321 3182 1360 3226 tlt.
1378 3176 1431 3226 Sint
1440 3176 1487 3225 ista
1496 3174 1565 3224 satist
1578 3173 1757 3237 generosusille
1768 3179 1826 3237 post
1836 3175 1891 3226 heo
1900 3175 1964 3227 dieta
1979 3173 2054 3225 haeft

462 3254 535 3317 οῦδὲ
547 3254 579 3330 ἢν
594 3260 702 3338 πεισθῇς
715 3260 769 3324 τοῖς
783 3254 944 3338 εἰρημένοις,
959 3255 1006 3315 καί
1020 3255 1051 3329 δή
1066 3258 1190 3338 παρεῖναι
1204 3257 1250 3318 νό-
1290 3267 1328 3316 Τυ
1347 3278 1406 3315 rero
1421 3264 1442 3314 si
1460 3263 1532 3314 dietis
1547 3256 1580 3312 ab
1602 3262 1643 3313 illo
1661 3274 1788 3325 moveare,
1805 3264 1859 3327 jam
1877 3262 1961 3316 adesse
1976 3268 1999 3314 te
2011 3266 2055 3326 pata

464 3349 522 3424 μιζε
536 3337 610 3427 οἷπερ
625 3344 651 3413 ἐξ
672 3347 755 3428 ἀρχῆς
769 3346 869 3412 ἐπόθεις
883 3347 975 3419 ἐλθεῖν,
989 3345 1035 3404 καί
1055 3346 1128 3405 οὐδέν
1146 3369 1175 3405 σε
1196 3370 1250 3406 κω-
1291 3367 1406 3418 quorsum
1415 3353 1495 3403 renlre
1509 3352 1577 3402 initio
1585 3350 1844 3415 desiderabas3neque
1851 3353 2056 3416 quioqmtept·

462 3434 536 3495 λύσει
550 3434 675 3513 ἑπόμενον
690 3439 743 3502 τοῖς
754 3433 842 3511 νόμοις
854 3433 880 3493 ἐν
892 3458 921 3493 τε
931 3436 985 3502 τοῖς
996 3434 1171 3517 δικαστηρίοις
1184 3459 1249 3518 κρα-
1290 3441 1383 3492 hibehlt
1389 3441 1518 3505 quominus
1529 3439 1621 3502 legibus
1629 3439 1678 3488 lllis
1688 3438 1821 3489 ohaeontus
1828 3443 1883 3490 tum
1892 3441 1918 3490 in
1926 3437 2052 3503 iudieisr'n

350 3576 352 3581 ,
463 3524 516 3583 τεῒν
535 3522 581 3582 καί
604 3525 630 3582 ἐν
652 3529 706 3590 τοῖς
724 3522 850 3594 πλήθεσιν
873 3524 1018 3601 εὐδοκιμεῖν
1041 3524 1087 3583 καί
1107 3525 1251 3607 ἐπέραστον
1290 3532 1407 3591 comtum
1419 3529 1479 3579 bene
1487 3529 1571 3578 audias
1580 3527 1643 3590 apud
1655 3527 2004 3589 multitudinem,etamahilis
2017 3524 2056 3584 sir,

463 3603 531 3671 ε’ίνοιι
545 3611 591 3671 καί
604 3612 698 3690 γαμεῖν
713 3614 742 3670 ού
754 3617 835 3692 γραῦν
848 3635 904 3670 τινα
915 3615 968 3671 τῶν
980 3616 1114 3690 κωμικῶν,
1131 3613 1249 3695 καθάπερ
1290 3619 1412 3681 durasque
1421 3631 1469 3667 non
1480 3629 1553 3665 anum
1564 3615 1684 3679 quandam
1691 3615 1723 3665 de
1731 3615 1882 3666 romioarum
1893 3616 1936 3667 illo
1945 3615 2057 3678 mm

464 3699 631 3778 θνομοθέτης
644 3699 690 3758 καί
709 3700 876 3774 διδάσκαλος,
895 3699 964 3760 ἀλλὰ
980 3701 1124 3772 καλλίστην
1138 3704 1250 3781 γυναῖκα
1292 3711 1348 3756 tuus
1365 3707 1484 3769 legislator
1501 3709 1526 3754 et
1544 3706 1666 3766 magister,
1686 3703 1728 3753 sed
1747 3704 1878 3755 mulierem
1897 3703 2056 3769 palmam

464 3789 512 3863 τήν
530 3787 699 3870 Ῥητορικήν,
713 3790 748 3854 ὡς
767 3788 797 3846 τδ
817 3794 863 3848 τοῦ
884 3790 1027 3856 Πλάτωνος
1048 3790 1130 3847 ἐκεῖνο
1152 3791 1250 3863 πτηνὸν
1291 3795 1450 3856 llhetorieen,
1467 3793 1527 3843 adeo
1540 3798 1566 3842 ut
1583 3793 1690 3842 Platonis
1706 3791 1781 3853 illud,
1794 3792 1889 3843 volumi
1901 3806 1970 3843 curru
1980 3794 2056 3840 redu

465 3878 539 3960 ἅρμα
565 3876 705 3936 ἐλαύνοντα
730 3875 853 3958 φέρεσθαι
873 3877 914 3937 σοί
935 3879 1034 3956 μᾶλλον
1056 3877 1165 3959 πρέπειν
1190 3880 1251 3960 περὶ
1292 3884 1360 3944 sarri,
1377 3883 1407 3933 de
1422 3886 1447 3932 te
1459 3883 1540 3946 potius
1553 3881 1636 3931 deceat
1650 3880 1729 3930 dicere
1740 3885 1780 3940 te,
1793 3894 1869 3944 qnam
1886 3878 2057 3944 tpsmtetou

465 3971 576 4027 σεαυτοῦ
599 3969 680 4024 εἰπεῖν
703 3962 720 4036 ἢ
745 3965 835 4048 ἐκείνᾳ
852 3966 912 4046 περὶ
934 3972 980 4026 τοῦ
1003 3966 1072 4034 Διός·
1091 3965 1142 4045 ἐγὼ
1163 3965 1190 4024 δέ
1211 4003 1247 4012 -
1292 3973 1338 4022 hoc
1351 3970 1527 4021 dicerodeeuit.
1561 3973 1611 4032 Ego
1619 3982 1677 4016 roro
1685 3969 1797 4030 (ignarus
1804 3969 1870 4018 enirn
1878 3973 1903 4018 et
1910 3962 2056 4018 timldmml

465 4052 574 4133 ἀγεννής
591 4051 642 4133 γάρ
661 4052 706 4112 καί
725 4052 807 4120 δειλός
825 4056 879 4130 εἰμι
893 4088 932 4098 -
946 4052 1109 4130 ἐκστήσομαι
1126 4058 1173 4125 τῆς
1190 4056 1251 4112 θδοῦ
1292 4061 1321 4110 de
1331 4061 1370 4109 nia
1378 4059 1446 4109 robis
1455 4058 1578 4118 decedam,
1586 4058 1610 4107 el
1617 4056 1725 4106 desinam
1733 4055 1765 4105 oh
1776 4057 1913 4110 rhetoricen
1921 4051 2056 4119 spartana&

464 4143 526 4218 ὑμῖν
541 4141 587 4200 καί
600 4139 737 4219 παύσομαι
751 4144 784 4220 τῇ
800 4146 924 4225 ῥητορικῇ
938 4143 1116 4213 ἐπιπολάζειν,
1130 4140 1251 4220 ἀσύμῦο·
1291 4149 1350 4198 nihil
1366 4148 1397 4197 ad
1411 4162 1464 4197 eam
1480 4149 1599 4196 conteram
1616 4145 1688 4196 vestri
1701 4145 1766 4194 illius
1784 4144 1851 4193 modi
1866 4145 1922 4195 :rel
1937 4141 2055 4208 polimii!

465 4229 509 4295 λος
522 4224 558 4286 ῶν
568 4228 633 4307 πρδς
646 4227 728 4300 αὐτήν
742 4226 776 4286 τδι
790 4227 912 4311 ύμέτερα·
928 4231 1027 4306 μᾶλλον
1042 4228 1070 4287 δὲ
1081 4229 1133 4301 ἤδη
1147 4228 1252 4288 πέπαυ-
1292 4237 1359 4286 desii.
1368 4239 1452 4298 ltaque
1462 4235 1512 4285 sine
1519 4235 1614 4298 putrere
1623 4231 1790 4296 praedicandos
1796 4245 1842 4282 ros
1850 4226 2055 4296 sequestrum

467 4340 526 4401 μαι.
568 4316 652 4377 Ὥστε
674 4316 774 4376 ἀκονιτλ
795 4318 1000 4398 ἀνακηρύττεσθε
1021 4317 1067 4377 καί
1087 4318 1251 4396 θαυμάζεσθε
1293 4325 1411 4389 μισοῦσαι,
1426 4323 1485 4373 illud
1501 4323 1580 4373 solum
1597 4319 1727 4381 recordati,
1743 4334 1794 4370 non
1804 4320 1928 4372 oeleritate
1942 4331 1984 4370 vot
1995 4319 2055 4366 vm

466 4403 544 4480 μόνον
556 4410 631 4462 τοῦτο
643 4403 821 4482 μεμνημένοι,
831 4405 871 4464 ότι
883 4405 920 4483 μή
933 4411 970 4485 τῷ
982 4406 1058 4485 τάχει
1069 4409 1145 4483 ἡμῶν
1157 4430 1251 4486 κεκρα·
1292 4414 1392 4473 vicisse,
1403 4413 1444 4475 qui
1453 4409 1686 4472 velocioresJudicati
1696 4409 1859 4469 sitis,vemm
1868 4408 1933 4474 quod
1943 4406 2053 4458 nutu

466 4491 564 4562 τήκατε
578 4492 703 4573 ὠκύτεροι
716 4492 851 4573 φανέντες,
864 4493 933 4553 ἀλλά
946 4498 984 4573 τῷ
997 4493 1095 4576 ῥᾴστην
1107 4494 1152 4553 καί
1164 4498 1251 4575 πρανῆ
1292 4506 1316 4551 et
1325 4501 1443 4550 declivem
1454 4499 1518 4549 viam
1528 4498 1587 4549 estis
1596 4497 1706 4560 ingressi.

466 4579 612 4662 τραπέσθαι
626 4579 673 4652 τήν
687 4579 755 4640 όδόν.

825 4871 888 4932 Lll.
1650 4865 1715 4926 Lll.

607 5029 863 5090 ΦΙΑΟΨΕΥΔΗΣ
884 5039 905 5083 ll
926 5029 1107 5088 ΑΠΙΣΤΩΝ.
1360 5021 1646 5087 PHILOPSEUDES
1666 5041 1736 5083 srva
1758 5017 1999 5084 luctuosius

510 5199 535 5247 1.
557 5189 764 5249 ΤΥΧΙΑΔΗΣ.
786 5186 878 5269 Ἔχεις
891 5211 949 5266 μοι,
964 5175 986 5246 ῶ
1001 5186 1156 5258 Φιλόκλεις,
1169 5187 1251 5244 εἰπεῖν
1328 5206 1349 5250 1.
1367 5201 1555 5251 TYclllADEs.
1573 5201 1675 5248 Potesne
1684 5197 1758 5258 mihi,
1768 5197 1901 5256 Philocles,
1915 5186 2048 5252 ditum&

468 5272 494 5332 τί
510 5297 572 5333 ποτε
588 5273 640 5355 ἀρα
660 5272 737 5333 τοῦτό
753 5276 822 5333 ἐστιν
836 5273 850 5333 δ
868 5274 928 5341 τοὺς
941 5273 1051 5341 πολλοὺς
1063 5276 1099 5339 εἰς
1113 5273 1252 5351 ἐπιθυμίαν
1294 5287 1428 5338 sittandem
1442 5287 1500 5336 illud
1506 5286 1570 5349 qarod
1580 5286 1609 5336 ad
1616 5284 1746 5336 mentiendi
1759 5285 1883 5335 libidinem
1894 5271 2043 5349 ρίοιοιιῐνθΙΙ

472 5366 514 5425 τοῦ
527 5361 667 5443 ψεύδεσθαι
680 5362 837 5444 προάγεται,
851 5366 886 5431 ὡς
900 5362 994 5430 αύτούς
1007 5386 1035 5421 τε
1048 5361 1149 5442 χαίρειν
1170 5361 1252 5440 μηδὲν
1294 5378 1339 5439 oit,
1348 5383 1375 5426 ut
1386 5381 1410 5426 et
1419 5375 1463 5440 ipsi
1475 5375 1593 5438 gaudeant
1603 5387 1678 5437 quum
1690 5373 1750 5423 nihii
1762 5372 1813 5423 mni
1825 5373 1920 5437 dieunt,
1928 5372 1951 5425 σί
1960 5359 2044 5420 affl

471 5448 538 5527 θγιδς
551 5450 672 5528 λέγοντας
688 5450 734 5509 καί
746 5454 800 5518 τοῖς
812 5451 846 5510 τὰ
865 5455 975 5510 τοιαῦτα
994 5451 1113 5519 διεξιοῦσι
1136 5451 1253 5528 μάλιστα
1295 5465 1341 5516 hus
1350 5465 1407 5515 talia
1419 5466 1525 5514 animum
1538 5463 1641 5514 maxime
1651 5460 1792 5514 attendant?

470 5535 607 5616 προσέχειν
623 5537 666 5596 τδν
678 5543 753 5611 νοῦν,
