4759 6600
375 781 398 860 ι)
595 777 694 839 XLV.
722 774 934 837 SOMNIUM
960 792 1027 833 sau
1050 773 1237 834 GiiLLUS.
1261 782 1352 833 22-
1370 783 1416 833 nt.
1759 784 1814 838 501

375 936 399 980 :g-
417 909 448 970 σθ
466 906 493 969 δὲ
515 905 630 980 οἰσυΐνην
645 906 744 966 ἀσπίδα
762 903 839 986 ἔχων,
858 901 987 976 εὐσταλὴς
1005 910 1010 938 ⁴
1030 911 1135 975 pericula
1149 926 1155 959 ι
1167 916 1194 961 lu
1207 914 1373 961 vernaculum
1388 911 1478 961 babens
1487 911 1633 975 vimineum,
1648 912 1777 978 expeditus
1790 928 1819 964 ac

375 998 535 1079 ;σοιτηρίαν,
545 996 646 1075 ἕτοιμος
659 998 795 1055 ἑστιᾶσθαι
808 993 841 1052 τὰ
856 991 985 1063 ἐπινίκια,
1030 1000 1091 1051 levis
1101 1001 1132 1050 nd
1144 1000 1310 1061 eradendum,
1327 1006 1425 1064 paratus
1440 1002 1472 1051 ad
1487 1002 1612 1053 obeundas
1629 1002 1727 1067 epulas,
1741 1018 1818 1067 ouum

381 1093 394 1146 ό
406 1085 550 1167 στρατηγὸς
559 1081 709 1156 νενικηκώς.
1030 1093 1087 1153 post
1098 1090 1225 1140 uictoriam
1238 1090 1382 1153 triumphale
1394 1091 1524 1154 imperator
1534 1091 1678 1141 sacrificium
1690 1092 1802 1142 celebrat.

375 1177 463 1257 εἰρήνῃ
478 1200 507 1233 τε
522 1167 555 1233 αθ
570 1171 600 1231 σὺ
616 1175 663 1250 μὲν
677 1175 724 1229 τοῖνΙ
739 1168 824 1243 δήμου
838 1166 874 1226 ὢν
886 1167 985 1236 ἀναύάς
1062 1185 1100 1228 22.
1118 1181 1145 1227 lu
1158 1192 1216 1241 paee
1223 1192 1306 1229 rursus
1318 1184 1343 1227 tu
1356 1178 1470 1242 quidem,
1483 1179 1513 1229 de
1523 1180 1592 1243 plebe
1601 1194 1678 1242 unus,
1692 1182 1716 1229 in
1727 1180 1819 1232 concio

375 1293 379 1317 l
388 1263 554 1345 τυραννήσας
554 1258 766 1338 τῶν-πλουσίοιν,
776 1262 800 1317 οἱ
811 1255 838 1316 δὲ

375 1377 455 1411 :couci
467 1351 512 1409 καί
527 1349 663 1426 διανομαῖς
679 1346 832 1404 ἱλάσκονταί
847 1369 885 1404 σε.
916 1349 986 1405 Aoo·
1030 1358 1119 1405 reniet
1136 1361 1245 1406 tremunt
1257 1361 1282 1405 et
1294 1356 1426 1419 placanlte
1444 1356 1619 1418 largitionibus.
1651 1357 1740 1409 Balnea
1754 1357 1819 1408 enim

375 1464 380 1496 ι
399 1442 434 1504 ὡς
455 1436 524 1516 ἔχοις
545 1435 590 1494 καί
610 1437 712 1512 ἀγῶνας
734 1433 779 1492 καὶ
798 1432 919 1511 θεάματα
940 1431 985 1491 καί
1031 1446 1058 1494 ul
1069 1443 1170 1504 trabeas,
1182 1449 1207 1494 et
1218 1444 1398 1506 certamina,et
1408 1446 1557 1507 spectacula,
1569 1449 1594 1496 et
1603 1445 1819 1510 reliquaquantum

375 1532 392 1599 ἦ
407 1527 512 1584 ἅπαντα
525 1571 533 1597 ,
549 1527 641 1583 ἐκεῖνοι
661 1528 785 1593 πονοῦσι,
798 1521 830 1580 σὺ
846 1520 873 1579 δὲ
894 1520 985 1590 ἐξετα·
1030 1532 1091 1582 setis
1102 1537 1140 1582 est
1152 1532 1234 1582 omnia
1242 1569 1250 1593 ,
1258 1533 1382 1582 elaborant
1393 1533 1427 1582 illi
1439 1548 1445 1582 :
1457 1539 1484 1583 tu
1494 1547 1565 1595 vero,
1575 1538 1672 1585 exactor
1681 1536 1754 1598 alque
1765 1548 1820 1585 oen·

375 1612 515 1693 υκιμαστὴς
532 1612 623 1692 πικρὸς
652 1610 742 1691 ὥσπερ
768 1610 897 1681 δεσπότης
927 1608 985 1669 οὐδὲ
1030 1635 1070 1670 eor
1086 1620 1200 1682 acerbus,
1216 1621 1499 1685 tanquamdomiuusne
1517 1636 1652 1673 sermonem
1668 1606 1766 1687 quidem
1784 1622 1819 1673 in·

375 1702 443 1769 ιδούς-
450 1701 546 1772 ἐνίοτε,
561 1700 609 1759 κάν
625 1722 665 1758 σοι
677 1697 986 1778 δοκῇ,ιιατεχοιλάζησας
1030 1709 1125 1759 tendum
1140 1710 1188 1759 illis
1199 1709 1323 1773 impertis;
1339 1715 1364 1760 et
1375 1725 1450 1773 quum
1463 1711 1507 1760 tibi
1519 1711 1624 1774 ridetur,
1640 1711 1753 1775 grandine
1766 1711 1820 1763 illos

375 1793 438 1858 ίνους
461 1789 520 1857 τοὺς
543 1789 628 1855 λίθους
655 1787 673 1859 ἢ
703 1788 751 1854 τὰς
782 1788 872 1854 οὐσίας
899 1789 985 1847 αὐτῶν
1030 1798 1138 1862 lapidum
1154 1798 1253 1860 obruis,
1270 1805 1313 1849 aut
1328 1800 1392 1849 bona
1412 1800 1507 1849 illorum
1524 1800 1633 1864 publicas
1647 1815 1653 1849 :
1667 1814 1745 1864 neque
1762 1813 1820 1851 vero

382 1880 441 1940 οὔτε
469 1877 496 1936 δὲ
520 1875 683 1957 συκοφάντην
714 1876 799 1943 δέδιας
829 1876 905 1944 αὐτὸς
926 1874 985 1935 οὔτε
1030 1888 1230 1937 calumniatorem
1245 1888 1296 1951 ipse
1314 1888 1418 1949 metuis,
1437 1902 1518 1951 neque
1533 1888 1668 1950 latronem,
1685 1903 1716 1940 ne
1732 1902 1819 1940 aurum

399 1967 526 2050 ὑφέληται
544 1965 574 2024 τὸ
596 1964 704 2047 χρυσίον
727 1964 843 2043 ὑπερθὰς
859 1965 889 2023 τὸ
910 1970 984 2045 θριγ-
1030 1975 1088 2038 tibi,
1099 1976 1137 2026 vel
1149 1977 1223 2026 lorica
1233 1976 1321 2026 domus
1332 1978 1508 2040 superata,vei
1525 1977 1614 2040 pariete
1624 1976 1747 2041 perfosso,
1765 1991 1819 2028 sur-

375 2057 434 2125 ύξας
459 2056 503 2113 τὸν
532 2056 630 2134 τοῖχον,
653 2053 712 2112 οὔτε
742 2053 889 2134 πράγματα
917 2045 994 2133 ἔχεις
1030 2065 1202 2127 ripiat5neque
1213 2065 1417 2115 molestiasbabes
1434 2065 1535 2129 putandi
1544 2066 1663 2129 rationes,
1680 2071 1722 2116 aui
1739 2065 1820 2117 debita

393 2146 410 2216 ἢ
433 2147 554 2202 ἀπαιτῶν
579 2142 668 2214 ἢτοῒς
701 2142 858 2223 καταράτοις
886 2141 983 2201 οἶκονό·
1030 2154 1221 2216 repetendi,aut
1240 2166 1297 2203 cum
1308 2154 1419 2203 scelestis
1431 2154 1639 2217 dispensatoribus
1650 2154 1819 2216 conflictandi,

375 2231 447 2292 :stiur
465 2231 511 2291 καὶ
534 2230 598 2312 πρὸς
624 2229 754 2297 τοσαύτας
777 2229 913 2312 φροντίδας
928 2231 984 2288 δια·
1030 2256 1107 2305 neque
1123 2243 1186 2291 inter
1205 2247 1241 2292 tot
1257 2256 1329 2292 curas
1344 2242 1489 2292 distraheris
1507 2258 1513 2290 :
1534 2242 1577 2293 sed
1592 2243 1700 2306 perlecta
1715 2242 1818 2307 crepida

375 2369 378 2391 ‚
409 2319 477 2380 ἀλλὰ
500 2322 616 2401 κρηπῖδα
647 2320 803 2387 συντελέσας
829 2317 897 2378 ἑπτά
923 2318 985 2378 660-
1029 2336 1122 2395 septem
1139 2331 1265 2381 obolorum
1282 2332 1417 2382 mercedem
1434 2331 1538 2392 liabens,
1554 2332 1619 2381 circa
1635 2345 1714 2382 seram
1733 2346 1818 2396 vespe

375 2411 406 2469 θν
422 2409 524 2488 μισθὸν,
544 2406 699 2474 ἀπαναστὰς
722 2408 782 2489 περὶ
801 2407 888 2480 δειλην
907 2406 984 2489 ὀψίαν
1030 2432 1081 2469 ram
1092 2433 1187 2482 cessas,
1204 2426 1229 2471 et
1241 2420 1318 2482 lotus,
1329 2420 1349 2470 si
1366 2420 1472 2480 ridetur,
1482 2420 1583 2484 saperda
1591 2420 1672 2484 aliqua
1682 2426 1762 2484 emta,
1773 2421 1817 2471 eui

380 2499 411 2570 ἢν
421 2501 494 2576 δοκῇ,
506 2496 640 2577 σαπέρδην
650 2495 708 2554 τινά
721 2494 893 2574 ἢμαινίδαςῆ
905 2520 986 2579 κρομ-
1029 2506 1114 2558 maenis
1127 2508 1234 2572 aliquot,
1250 2513 1294 2558 aut
1309 2509 1394 2572 paucis
1412 2522 1526 2573 ceparum
1535 2509 1670 2573 capitibus,
1680 2510 1733 2573 ipse
1744 2514 1767 2559 te
1778 2523 1819 2560 ex·

375 2589 432 2653 ,ίδας
447 2585 536 2665 ὀλίγας
559 2585 701 2666 πριάμενος
717 2585 862 2667 εὐφραίνεις
876 2584 984 2645 σεαυτὸν
1030 2598 1130 2659 hilares,
1139 2609 1231 2649 canens
1242 2611 1308 2662 saepe
1316 2602 1341 2649 et
1353 2611 1409 2648 eum
1416 2599 1509 2662 optima
1516 2599 1556 2648 illa
1566 2602 1705 2662 paupertate
1714 2598 1819 2662 pbiloso-

375 2675 429 2734 ιλλά
447 2674 492 2732 καί
508 2678 541 2754 τῇ
560 2673 683 2754 βελτίστη
707 2673 785 2756 πενίφι
806 2675 985 2755 προσφιλοσο-
1030 2686 1116 2750 phana.

375 2878 392 2912 :s
416 2849 459 2911 διδι
477 2855 562 2909 ταῦτα
585 2849 708 2928 θγιαίνεις
722 2874 749 2908 τε
764 2850 810 2909 καλ
825 2850 938 2933 ἔρρωσαι
955 2850 986 2910 τδ
1061 2864 1100 2911 23.
1118 2862 1205 2925 Itaque
1215 2860 1255 2910 bis
1270 2859 1394 2910 decausis
1410 2860 1471 2911 bene
1484 2860 1566 2923 vales,
1578 2864 1603 2912 et
1614 2861 1714 2913 robusto
1730 2875 1756 2913 os
1768 2876 1820 2913 cor·

375 2944 534 3020 ιακαρτερεῒς
548 2939 613 3017 πρὸς
626 2938 655 2996 τὸ
668 2938 753 3019 κρύος·
769 2941 792 2997 οἱ
804 2939 879 2999 πόνοι
892 2940 943 3021 γάρ
955 2964 985 3000 σε
1029 2962 1102 3012 pore,
1114 2952 1139 2999 el
1150 2949 1246 3012 trigone
1253 2950 1362 3013 patiens:
1372 2950 1466 3001 iabores
1473 2952 1538 3001 enim
1547 2956 1687 3012 annuntie,
1700 2956 1725 3001 el
1736 2951 1820 3002 adrer-

375 3052 392 3094 ις
406 3030 454 3085 οὐκ
469 3026 698 3109 εὐκαταφρόνητον
710 3027 907 3107 ἀνταγωνιστὴν
919 3031 985 3088 ἀπο-
1030 3038 1120 3087 sarium
1132 3052 1180 3087 non
1192 3037 1395 3088 contemnendum
1412 3039 1503 3089 sisium
1519 3044 1603 3089 contra
1621 3053 1650 3090 ea
1663 3053 1719 3103 quae
1731 3040 1821 3090 inrieta

375 3116 405 3182 δς
423 3113 456 3172 τὰ
475 3116 599 3174 δοκοῦντα
614 3117 667 3182 τοῖς
688 3115 777 3182 ἀλλοις
793 3114 889 3195 ἄμαχα
908 3108 983 3178 εἶναι.
1031 3126 1129 3189 reliquis
1145 3126 1265 3176 videntur.
1298 3134 1332 3177 Ac
1353 3128 1434 3177 nullus
1456 3132 1545 3178 temere
1561 3128 1593 3179 de
1611 3127 1750 3178 difficilibus
1767 3130 1821 3179 istis

375 3203 400 3262 έν
422 3226 463 3261 σοι
484 3208 535 3261 τῶν
557 3207 682 3283 χαλεπῶν
704 3202 803 3263 τούτοιν
827 3204 985 3282 νοσημάτων
1030 3215 1120 3265 morbis
1128 3214 1217 3265 ineidat
1226 3214 1334 3277 tibi3serl
1342 3216 1362 3264 si
1373 3216 1469 3278 quando
1477 3216 1697 3267 levistelebricula
1708 3217 1819 3279 invadat,

375 3294 415 3351 λλ’
436 3291 468 3363 ἦν
488 3316 550 3351 ποτε
575 3297 669 3374 κοῦφος
689 3292 798 3371 πυρετός
817 3292 985 3368 ἐπιλάθηται,
1030 3318 1106 3368 quum
1118 3304 1198 3368 paullo
1208 3306 1315 3367 tempore
1326 3304 1349 3354 ei
1359 3303 1511 3365 inservieris,
1521 3303 1603 3354 stetim
1611 3303 1713 3368 depulso
1725 3305 1821 3355 iasbrlio

380 3380 547 3461 ὑπηρετήσας
562 3384 632 3462 αὐτῷ
652 3381 819 3454 ἀνεπήδησας
833 3381 985 3450 εὐθύςάπο-
1030 3393 1127 3454 exsilis,
1142 3398 1216 3456 alque
1228 3392 1267 3442 illa
1285 3405 1299 3442 e
1319 3392 1421 3454 vestigio
1439 3392 1500 3455 logii
1517 3398 1643 3454 metuens,
1656 3392 1698 3442 ubi
1711 3392 1778 3442 ridel
1797 3397 1821 3443 te

375 3468 417 3541 τλν
440 3469 515 3542 άοην,
541 3474 555 3528 ὁ
580 3468 607 3528 δὲ
637 3469 725 3551 φεύγει
751 3470 846 3529 αὐτίκα
865 3471 986 3553 φούηθείς
1030 3480 1140 3545 frigidam
1158 3481 1190 3531 ad
1206 3481 1341 3531 satietatem
1361 3480 1456 3541 bibere,
1469 3484 1494 3528 et
1511 3478 1697 3543 plorarejubere
1714 3478 1821 3528 medicos

375 3562 424 3638 ρῶν
439 3558 634 3640 ἐμφορούμενον
647 3559 692 3617 καὶ
707 3557 798 3640 μακρλι
813 3560 933 3638 οἰμώζειν
946 3561 986 3621 λέ·
1030 3571 1084 3621 illos
1096 3571 1212 3620 circuitus
1229 3583 1235 3618 :
1256 3583 1342 3619 rerum
1356 3569 1396 3619 isti
1413 3583 1457 3633 per
1468 3568 1679 3630 intemperantiam
1694 3581 1764 3617 suam
1776 3569 1820 3617 rui·

380 3649 508 3728 ἰατρικαῖς
529 3646 673 3724 περιόδοις,
695 3651 719 3705 oi
743 3647 770 3704 δέ
793 3647 837 3706 ὑπ’
857 3649 986 3730 ἀκρασίας
1030 3661 1078 3710 seri
1089 3659 1148 3722 quid
1159 3658 1278 3709 malorum
1289 3673 1337 3708 non
1348 3657 1450 3720 babent,
1466 3656 1598 3721 podagras,
1610 3660 1635 3706 et
1647 3656 1759 3717 tabes,et
1768 3657 1820 3719 pul·

375 3739 489 3793 νκακῶν
501 3738 548 3793 οὐκ
568 3736 672 3815 ἔχουσι,
687 3735 821 3817 ποδάγρας
839 3737 884 3795 καλ
906 3738 986 3819 φθόας
1031 3746 1820 3810 ιτιουίοἰιιθοιυιιιειίοιιεα,οιίιγθιοριιοτΙιτοοοιιὶιυτυιιιιυοοοτυιιι

375 3823 480 3901 υμονίας
501 3824 547 3882 καί
562 3824 681 3905 θδέρους;
701 3830 785 3882 ταῦτα
800 3823 850 3907 γάρ
864 3830 916 3884 τῶν
935 3851 986 3886 πο·
1030 3838 1126 3887 illorum
1143 3851 1267 3886 rmnaruur
1284 3837 1388 3886 soboles.
1401 3839 1485 3898 ltaque
1497 3835 1536 3884 alii
1549 3834 1645 3883 illorum
1663 3835 1723 3884 Icari
1735 3834 1820 3895 instar,

375 3911 429 3970 ἶνοιν
444 3912 555 3970 δείπνων
569 3911 695 3991 ἀπόγονοι.
738 3916 886 3994 Τοιγαροῦν
902 3914 925 3972 οἳ
938 3913 985 3992 μὲν
1030 3940 1107 3989 quum
1118 3926 1260 3975 multumne
1274 3926 1392 3975 sustulere
1404 3929 1429 3974 et
1445 3924 1666 3987 appropinquarunt
1680 3921 1711 3972 ad
1727 3923 1820 3984 solem,

379 4025 392 4083 ρ
406 3999 538 4081 θ’Ὶκαρος
557 4001 600 4058 ἐπὶ
614 4000 682 4058 πολὺ
704 4000 813 4081 ἀραντες
828 3999 920 4068 αὑτοὺς
942 4002 986 4061 καί
1034 4014 1110 4076 ignari
1126 4028 1181 4064 cera
1199 4014 1245 4062 sibi
1262 4015 1414 4076 compactum
1426 4025 1480 4061 esse
1496 4011 1556 4061 illud
1567 4011 1660 4060 alarum
1678 4011 1820 4073 remigium,

375 4114 393 4155 ες
408 4094 446 4168 τῷ
462 4089 528 4170 ἡλίῳ
543 4092 590 4148 οὐκ
607 4088 702 4156 εἰδότες
721 4089 760 4148 ότι
776 4094 849 4171 κηρῷ
868 4089 986 4170 ἥρμοστο
1031 4116 1146 4165 magnum
1158 4115 1332 4164 nonnunquam
1341 4101 1468 4163 strepitum
1476 4099 1610 4163 praecipites
1619 4100 1642 4148 in
1651 4113 1717 4149 mare
1727 4099 1819 4163 delapsi

375 4178 467 4260 ἵρωσις,
481 4177 565 4256 μέγαν
580 4177 660 4236 ἐνίατε
675 4177 719 4236 τὸν
731 4178 850 4257 πάταγον
860 4178 986 4250 ἐποίησαν
1031 4192 1184 4241 excitarunt:
1202 4191 1244 4253 qui
1258 4204 1316 4239 nero
1327 4189 1419 4240 Daedali
1430 4188 1454 4237 in
1466 4187 1566 4238 modom
1576 4202 1624 4237 uon
1636 4189 1708 4238 nimis
1719 4189 1768 4238 alla
1780 4202 1819 4238 ne·

389 4269 415 4332 ἐς
429 4265 543 4344 πελαγος
558 4266 723 4343 ἐμπεσόντες·
739 4266 794 4325 ὅσοι
814 4267 840 4325 δέ
857 4266 927 4325 κατὰ
941 4267 985 4326 τὸν
1030 4295 1078 4343 que
1089 4280 1202 4329 sublimia
1214 4279 1347 4342 petierunt,
1364 4277 1408 4326 sed
1425 4279 1524 4326 tenuere
1542 4276 1620 4326 vicina
1630 4280 1717 4338 terrae,
1733 4278 1820 4326 utma-

375 4357 383 4426 ί,
402 4353 471 4413 πάνυ
491 4353 610 4435 μετέωρα
633 4353 699 4432 μηδὲ
720 4356 809 4435 ὑψηλὰ
831 4355 986 4437 ἐφρόνησαν,
1031 4371 1083 4419 rint
1098 4375 1264 4432 aspergeretur
1281 4379 1453 4430 nonnunquam
1465 4377 1532 4427 cera,
1543 4364 1569 4414 bi
1585 4365 1725 4430 plerumque
1737 4377 1821 4417 securo

375 4467 424 4514 εια,
439 4447 473 4509 ὡς
487 4442 630 4511 νοτίζεσθαι
645 4444 725 4502 ἐνίοτε
740 4449 773 4524 τῇ
787 4443 859 4523 ἅλμῃ
875 4444 919 4503 τὸν
933 4469 985 4517 κη·
1031 4459 1220 4507 transsolurunt.

375 4531 418 4589 ολὺ
435 4523 505 4589 οὗτοι
521 4533 645 4614 ἀσφαλῶς
660 4530 816 4603 διέπτησαν.

375 4621 486 4686 πιεικεῖς
500 4643 571 4686 τινας
584 4619 629 4678 καί
645 4619 767 4687 συνετοὺς
781 4619 873 4698 λέγεις.
1062 4625 1128 4672 llic.
1147 4625 1238 4685 AEquos
1247 4634 1334 4684 nempe
1344 4624 1369 4669 et
1377 4619 1507 4682 prudentes
1518 4620 1583 4669 viros
1595 4620 1664 4669 dieis

377 4711 439 4768 Τῶν
463 4707 551 4784 μέντοι
576 4733 605 4787 γε
628 4709 725 4781 ἄλλοιν,
748 4698 769 4767 ὦ
794 4708 927 4782 Μίκυλλε,
952 4707 986 4767 τά
1062 4722 1152 4770 GALL.
1169 4723 1262 4768 Verum
1280 4722 1415 4767 ceterorum
1428 4719 1562 4781 naufragia,
1575 4716 1684 4780 iiieyile,
1703 4729 1819 4780 perquam

376 4821 390 4854 υ
406 4797 507 4876 αἷσχρά
521 4796 583 4863 ἴδοις
596 4796 637 4869 ἀν,
652 4795 713 4854 όταν
729 4801 742 4854 θ
758 4801 869 4877 Κροῖσος
883 4821 985 4878 περιτε-
1031 4809 1109 4872 turpia
1124 4808 1207 4857 rideas
1224 4821 1319 4870 ,quuru
1331 4807 1421 4856 evulsis
1433 4809 1531 4856 Crusus
1543 4806 1587 4854 alis
1597 4805 1729 4855 ludibrium
1739 4805 1820 4854 Persis

375 4884 457 4965 πτερὰ
468 4884 570 4962 γελωτα
585 4884 691 4966 παρέχῃ
707 4885 823 4963 Πέρσαις
837 4885 985 4944 ἀναύαίνων
1030 4898 1138 4962 praebeat
1156 4910 1202 4946 suo
1217 4896 1242 4946 in
1260 4910 1345 4958 rogum
1362 4910 1480 4956 ascensu,
1499 4901 1541 4944 aut
1558 4894 1675 4944 exstincta
1693 4893 1819 4958 tyrannide

380 4972 397 5044 ἢ
413 4973 547 5040 Διονύσιος
565 4973 714 5046 καταδύσης
734 4979 780 5045 τῆς
794 4973 941 5055 τυραννίδος
960 4977 986 5032 ἐν
1030 4980 1160 5048 Dionysius
1171 4985 1279 5036 Corinthi
1291 4989 1402 5034 cernatur
1411 4982 1500 5033 doeens
1510 4984 1662 5046 literas,post
1673 4982 1819 5032 nnlumm

375 5061 555 5140 ιαμματιστλς
578 5062 708 5142 βλέπηται
733 5061 800 5140 μετά
826 5061 985 5136 τηλικαύτην
1030 5076 1123 5139 perium
1134 5074 1238 5138 syllabas
1248 5074 1359 5136 colligere
1370 5077 1507 5123 morutrans
1519 5072 1608 5135 pueris.

375 5175 392 5208 α
407 5150 574 5219 συλλαθίζειν
590 5152 730 5210 διδάσκων.
782 5156 786 5164 '

375 5285 381 5299 .
394 5238 463 5301 Εἰπέ
473 5263 531 5317 μοι,
541 5229 563 5298 ὦ
574 5238 771 5320 ἀλεκτρυίυν,σδ
781 5237 807 5297 δὲ
818 5237 896 5298 ὁπότε
908 5244 986 5320 βασι·
1063 5247 1101 5292 24.
1118 5246 1185 5293 liic.
1203 5241 1247 5291 Dic
1261 5240 1336 5301 milri,
1348 5239 1424 5302 baller
1438 5244 1463 5289 ¹¹¹
1475 5252 1551 5302 quum
1564 5252 1604 5288 ¹0¹
1622 5251 1690 5288 ⁰⁸⁸²⁸
1706 5240 1770 5301 (uam
1783 5252 1819 5288 ’θ’

375 5363 396 5372 -
411 5326 461 5411 φὴς
475 5325 525 5406 γὰρ
540 5327 585 5386 καὶ
604 5327 759 5406 βασιλεῦσαί
777 5351 841 5385 ποτε
853 5362 891 5374 -
910 5329 986 5389 ποίου
1031 5345 1118 5394 gnosso
1130 5332 1203 5381 etiam
1220 5335 1243 5380 te
1254 5329 1349 5389 dieis),
1365 5327 1462 5390 qualem
1476 5327 1541 5376 illam
1555 5333 1667 5390 expertus
1678 5340 1706 5376 es
1725 5327 1819 5377 viram?

376 5440 406 5487 ης
426 5418 471 5473 τοῦ
493 5414 550 5492 βίου
568 5413 678 5485 ἐκείνου;
700 5419 716 5485 ἠ
735 5439 785 5473 που
801 5415 987 5494 πανευδαίμων
1031 5420 1159 5484 ecquidex
1176 5419 1243 5469 omni
1255 5420 1322 5482 parte
1340 5417 1426 5466 beatus
1437 5415 1519 5479 luisti,
1531 5424 1711 5478 quumsuruma
1722 5425 1825 5476 qumqrre

375 5504 463 5562 ίλαιον
478 5501 531 5561 ότι
543 5503 593 5582 πέρ
611 5504 666 5561 ἐστι
682 5507 733 5560 τῶν
744 5506 847 5581 ἀγαθῶν
864 5503 986 5564 ἁπάντων
1031 5511 1149 5563 bonorum
1161 5507 1270 5558 onmium
1279 5507 1397 5556 haberes?

852 1256 985 1339 φρίττουσι
1030 1281 1085 1317 nem
1099 1267 1233 1317 ascendens
1244 1268 1398 1330 tyrannidem
1409 1268 1531 1317 exercebis
1543 1268 1568 1317 in
1576 1268 1757 1319 diriteszatilli
1767 1269 1820 1319 bor·
1854 1258 1869 1309 ¹¹:
1910 1276 1987 1303 ²¹³·'·
